1235 2365
75 120 151 169 136
378 125 837 181 QHORATH

388 312 731 358 CARMEN
770 318 827 359 V.

303 424 350 462 ln
382 425 599 466 CAmmAM
628 429 897 471 Vennum.

69 521 223 621 AT
241 524 266 561 ὂ
282 522 462 562 Deorum
477 526 670 576 quidquid
690 529 729 566 in
748 529 846 568 coelo
864 530 968 584 regit

237 583 381 623 Terras
401 597 439 625 et
457 587 677 628 humanum
697 604 835 643 genus,

67 649 178 703 Qid
194 648 258 687 iste
278 648 353 687 fert
373 651 566 689 tumultus
585 652 597 689 ?
625 662 664 691 et
683 653 780 702 quid
799 655 977 695 omnium

121 712 265 751 Vultus
285 713 324 750 in
343 727 466 752 unum
486 728 549 753 me
568 716 724 754 truces?

69 774 142 813 Per
161 775 300 814 liberos
321 786 373 822 te,
401 777 428 814 fi
448 787 588 816 vocata
607 781 798 828 partubus

121 838 276 877 Lucina
294 841 394 878 veris
414 840 555 887 adfuit,

10 904 14 905 ⁷
68 900 143 939 Per
161 902 235 940 hoc
255 903 368 940 inane
388 917 571 953 purpurae
591 904 724 950 decus,
754 919 905 955 precor,

122 965 194 1002 Per
215 966 531 1015 improbaturum
551 967 632 1006 haee
652 968 807 1017 Jovem‚

66 1028 178 1081 Quid
198 1038 242 1066 ut
261 1043 429 1067 noverca
447 1043 510 1068 me
526 1031 700 1076 intueris,
729 1041 797 1069 aut
816 1032 873 1070 uti

121 1092 248 1130 Petita
266 1092 370 1130 ferro
388 1093 518 1132 bellua
536 1094 549 1132 ?

77 1156 135 1193 Ut
164 1156 247 1194 hac
269 1157 451 1195 trementi
472 1157 625 1206 questus
645 1171 711 1197 ore
739 1157 908 1199 co'nstitit

126 1219 349 1272 Insignibus
368 1222 489 1270 raptis
519 1234 629 1270 puer,

68 1283 237 1332 Impube
258 1297 412 1332 corpus,
442 1283 557 1332 quale
580 1282 699 1332 poffet
718 1284 841 1334 impia

120 1346 277 1383 Mollire
297 1346 502 1384 Thracum
522 1349 702 1396 pefiora:

67 1409 232 1447 Canidia
251 1410 432 1448 brevibus
452 1410 653 1459 implicata
671 1410 813 1460 viperis

120 1474 257 1511 Crines
277 1483 315 1510 et
335 1474 553 1511 incomtum
575 1483 706 1524 caput,

67 1537 184 1586 Jubet
203 1536 414 1586 sepulchris
434 1537 636 1586 caprificos
656 1548 801 1585 erutas,

120 1601 237 1650 Jubet
256 1599 445 1649 cupressos
465 1600 660 1648 funebres,

67 1663 120 1701 Et
140 1666 254 1701 unfra
271 1663 396 1712 turpis
415 1676 491 1700 ova
508 1676 613 1702 ranae
630 1664 830 1716 sanguine,

121 1726 383 1775 Plumamque
401 1729 595 1765 nosturnae
620 1727 758 1780 strigis,

70 1791 319 1840 Herbasque‚
348 1805 445 1841 quas
466 1792 610 1837 Iolcos,
640 1801 758 1841 atque
779 1791 909 1830 IberIa

122 1854 248 1893 Mittit
267 1867 507 1892 venenorum
525 1853 648 1900 ferax,

69 1916 123 1956 Et
142 1917 217 1955 offa
237 1919 285 1955 ab
305 1931 370 1955 ore
389 1926 501 1966 rapta
516 1918 655 1968 jejuuae
676 1917 795 1963 canis,

122 1981 310 2024 Flammis
333 1982 443 2021 aduri
464 1980 671 2019 Colchicis.
