1235 2365
66 96 154 136 ‘302
391 83 448 136 Q
497 81 827 121 HORATII

79 176 151 213 Ille
170 174 281 213 bonis
301 173 511 225 faveatque
532 185 570 214 et
589 175 818 215 concilietur
837 176 977 222 amice,
1204 178 1218 217 C

76 241 131 278 Et
150 249 263 292 regat
282 240 415 284 iratos,
445 250 483 278 et
502 250 608 279 amet
626 253 787 290 peccare
806 241 987 279 timentes
1003 255 1015 280 ε
1205 241 1233 281 x:

74 304 148 341 Ille
168 304 287 352 dapes
307 302 441 341 laudet
459 303 600 342 mensae
618 303 746 341 brevis
763 318 773 341 ε
796 302 869 341 -ille
885 302 1086 354 salubrem
1208 305 1227 344 R

75 366 286 416 Juststiam,
315 365 511 418 legesque,
540 375 578 404 et
597 366 740 416 apertis
760 367 841 406 otia
859 366 1007 417 portis:
1211 369 1225 408 l

76 429 150 469 Ille
168 439 279 482 tegat
298 429 497 469 commiffa
514 446 525 477 ;
554 430 741 480 Deosque
761 441 941 481 precetur
959 440 1001 470 et
1018 440 1119 479 oret,
1170 430 1174 434 ’
1213 433 1232 472 A

76 494 135 531 Ut
155 494 290 532 redeat
308 494 468 540 miseris,
497 495 611 533 abeat
628 493 789 534 fortuna
807 495 991 546 superbis.
1077 507 1151 535 201
1214 495 1230 535 Σ

75 557 195 596 Tibia
213 571 306 603 non,
334 568 379 596 ut
398 571 516 603 nunc,
545 557 743 598 orichalco
762 560 904 605 vineta,
933 560 1119 609 tubaeque
1216 559 1234 598 ἴ

76 620 267 666 AEmula3
300 622 366 659 sed
386 623 526 667 tenuis,
556 621 794 672 fimplexque
813 623 1007 663 foramine
1027 637 1155 675 pauco
1217 624 1230 663 l

75 685 277 739 ᾼΓΡίι-ειτε,
307 695 344 722 et
364 683 488 722 adesse
507 684 634 722 choris
654 696 738 724 erat
762 686 881 733 utilis,
910 697 1030 737 atque
1222 688 1235 726 l

73 748 266 787 Nondum
286 746 394 797 spixsa
411 748 527 786 nimis
547 747 744 798 complere
762 749 896 789 sedilia
916 750 1012 789 flatu
1030 764 1041 789 ε
1074 761 1123 790 20
1127 761 1151 802 ς
1193 755 1195 759 ”
1223 750 1235 786 l

77 813 172 865 Quo
191 812 277 849 sane
297 810 465 861 populus
486 812 753 859 numerabilis,
781 824 920 864 utpote
939 828 1101 865 parvus,
1224 814 1235 853 l

80 877 133 914 Et
154 875 273 928 frugi,
302 870 513 926 castusque,
543 877 861 926 verecundusque
882 879 1026 918 coibat.
1227 877 1235 914 1

80 941 289 992 Postquam
311 941 427 990 coepit
447 954 563 992 agros
584 941 792 980 extendere
811 941 947 987 vietor,
969 951 1007 981 et
1021 942 1160 981 urbem
1198 939 1199 942 '
1230 940 1235 979 l

82 1005 222 1042 Laxior
243 1003 422 1053 amplefti
443 1017 596 1050 murus,
624 1004 796 1053 vinoque
817 1004 958 1043 diurno

82 1069 234 1106 Placari
256 1068 406 1107 Genius
426 1066 527 1105 festis
548 1068 708 1117 impune
727 1068 863 1106 diebus
881 1083 892 1113 ;
1083 1079 1162 1108 210

84 1131 256 1171 Acceffit
275 1131 523 1180 numerisque
542 1131 746 1181 modisque
764 1130 922 1170 licentIa
940 1131 1082 1182 major.

84 1197 270 1234 Indofius
291 1195 388 1244 quid
409 1195 513 1234 enim
533 1195 683 1245 saperet
700 1195 876 1245 liberque
895 1194 1082 1233 laborum

85 1259 267 1297 Rusticus
286 1260 438 1296 urbano
458 1257 654 1304 confusus,
683 1259 809 1308 turpis
828 1257 1019 1296 honesto?

87 1324 146 1362 Sic
167 1322 295 1373 priscae
316 1331 546 1370 motumque
567 1333 606 1359 et
623 1321 825 1360 luxuriam
845 1321 999 1361 addidit
1016 1319 1093 1359 arti

84 1386 266 1432 Tibicen,
294 1385 489 1434 traxitque
509 1398 635 1437 vagus
655 1398 725 1435 per
739 1385 893 1435 pulpita
906 1383 1069 1424 vestem:
1088 1393 1166 1435 2-15

88 1453 148 1490 Sic
165 1452 284 1489 etiam
300 1450 441 1488 fidibus
462 1462 576 1488 voces
596 1462 751 1488 crevere
770 1449 924 1494 severis,

85 1514 140 1552 Et
158 1513 251 1552 tulit
269 1512 472 1561 eloquium
492 1511 691 1550 insolitum
710 1510 898 1550 facundia
915 1522 1116 1560 praeceps;

84 1577 338 1625 Utiliumque
356 1576 473 1628 sagax
493 1586 644 1620 rerum,
672 1583 712 1613 et
730 1574 864 1614 divina
880 1573 1022 1621 futuri,

89 1641 294 1694 Sortilegis
309 1653 389 1678 non
404 1639 612 1688 discrepuit
626 1638 815 1677 sententia
827 1636 1009 1689 Delphis.

86 1707 272 1746 Carmine
286 1705 353 1755 qui
366 1704 519 1757 tragico
534 1701 652 1740 vilem
666 1702 833 1741 certavit
845 1703 896 1741 ob
906 1701 1078 1747 hircum,
1091 1711 1170 1740 220
1222 1752 1223 1758 ἵ

87 1772 186 1811 Mox
206 1770 325 1808 etiam
345 1767 512 1821 agrestes
533 1767 695 1815 Satyros
713 1766 894 1811 nudavit,
921 1774 962 1804 et
979 1764 1089 1815 asper
1222 1763 1223 1767 ’

89 1834 289 1875 Incolumi
308 1832 503 1886 gravitate
518 1832 656 1881 jocum
677 1830 845 1868 tentavit
862 1843 872 1867 z
904 1841 950 1868 eo
969 1826 1082 1878 quod

88 1897 290 1938 Illecebris
311 1904 393 1934 erat
413 1904 451 1933 et
471 1903 587 1947 grata
605 1894 779 1931 novitate
798 1892 1015 1932 morandus

92 1964 306 2014 Spefikator,
335 1958 563 2007 sunemsque
582 1956 713 2003 sacris,
742 1966 781 1996 et
799 1966 931 2007 potus,
961 1964 1000 1994 et
1019 1952 1139 1994 exlex.
1169 1974 1174 1975 ν

93 2029 245 2069 Verum
264 2026 319 2067 ita
336 2024 486 2072 risores,
516 2023 572 2062 ita
591 2021 869 2064 commendare
885 2021 1036 2063 dicaces
1081 2019 1140 2058 '22
1144 2029 1171 2070 5

957 2082 1174 2125 Conveniet
