1235 2365
101 141 177 170 212
412 131 482 185 Q
509 127 856 185 HORATIij
894 100 900 110 1

102 229 308 272 Praeterea,
337 241 384 265 ne
406 241 473 265 vos
493 227 624 265 titillet
644 226 783 279 gloria,
809 226 914 276 jure·
1091 235 1169 276 179

101 292 278 339 jurando
294 291 531 342 obstringam
548 292 683 328 ambo:
705 299 792 327 uter
809 287 944 333 aedilis,
959 286 1127 325 fueritve

100 354 281 391 Vestrum
302 364 458 402 praetor,
488 355 517 391 is
538 353 775 398 intestabilis,
805 362 843 390 et
861 352 965 390 sacer
984 351 1073 389 esto·

103 419 151 454 In
166 418 286 455 cicere
305 427 421 466 atque
436 417 527 455 faba
541 419 644 455 bona
659 426 716 461 tu,
736 415 948 466 perdasque
964 413 1122 464 lupinis,

104 481 230 519 Latus
249 490 293 518 ut
312 482 350 518 in
371 482 473 518 circo
493 481 667 529 spatiere,
697 489 765 518 aut
785 482 926 517 aeneus
947 489 992 517 ut
1015 478 1084 516 stes
1101 479 1114 515 ?

103 545 244 583 Nudus
265 545 382 596 agris,
412 545 538 582 nudus
559 544 744 587 nummis,
774 543 914 586 insane,
944 542 1113 591 paternis
1129 542 1141 579 ?

107 607 259 645 Scilicet
271 601 314 643 iit
328 606 494 655 plausus,
508 620 605 654 quos
618 605 898 656 sertAgrippa‚
910 604 1011 642 feras
1020 614 1077 650 tu,
1096 617 1108 641 1
1119 606 1175 654 85¹.

101 671 247 708 Astuta
267 671 481 722 ingenuum
501 669 636 717 vulpes
658 669 811 705 imitata
829 668 994 706 leonem.

102 733 162 770 Ne
179 733 263 781 quis
278 730 448 769 humaffe
466 731 558 768 velit
575 731 756 779 Ajacem,
778 730 938 775 Atrida,
957 738 1064 768 vetas
1081 730 1172 768 cur?

105 795 190 832 Rex
212 794 308 832 sum.
366 794 431 831 Nil
451 793 555 830 ultra
574 806 703 841 quaero
725 792 908 841 plebeius.
948 792 1002 830 Et
1017 806 1172 842 oequam

106 857 401 906 Remimperito
421 871 429 893 :
461 866 514 901 at,
536 857 560 893 sl
578 856 639 893 cui
655 856 787 892 videor
804 855 1027 906 nonjustus,
1047 855 1172 894 inulto

104 922 261 965 Dicere,
275 933 358 968 quae
371 920 496 964 sentit,
512 919 711 968 permitto.
734 918 905 957 Maxime
921 932 1075 971 regum,
1099 931 1173 969 ¹90

104 985 159 1023 Di
180 984 249 1021 tibi
269 984 362 1020 dent
381 992 495 1031 capta
515 981 666 1019 class'em
685 978 867 1019 reducere
888 981 1034 1032 Troja:
1213 972 1218 975 ³

103 1049 213 1100 Ergo
232 1046 441 1091 consulere,
470 1056 508 1082 et
528 1059 619 1082 mox
637 1045 864 1094 respondere
881 1045 1012 1082 licebit
1027 1045 1041 1082 ?

99 1108 279 1149 Consule.
336 1108 418 1146 Cur
438 1107 540 1158 Ajax
560 1108 672 1145 heros
692 1109 740 1145 ab
760 1107 918 1145 Achille
935 1107 1142 1146 secundus;

104 1173 304 1216 Fun-escit,
332 1173 445 1210 toties
465 1173 620 1209 servatis
634 1171 759 1208 clarus
780 1172 946 1209 Achivis
963 1186 972 1217 ;

106 1237 306 1280 Gaudeat,
329 1246 372 1273 ut
387 1235 981 1285 populuS,PriamiPriamusque
998 1233 1193 1272 inhuma--

274 1308 330 1343 to,
1099 1311 1144 1347 19
1149 1309 1171 1348 ς

109 1362 182 1399 Per
202 1375 335 1409 quem,
356 1362 602 1411 totjuvene3‚
615 1361 741 1410 patrio
755 1375 911 1399 caruere
930 1360 1130 1410 sepulchro
1146 1363 1159 1400 ?
1222 1371 1225 1418 ᾗ

106 1423 216 1460 Mille
233 1424 366 1460 ovium
381 1424 531 1460 insanus
546 1424 663 1460 morti
678 1423 1193 1474 dedit,inclytumUlyssem.
1225 1459 1229 1462 .

108 1488 161 1524 Et
181 1487 405 1525 Menelaum
425 1501 503 1525 una
530 1501 686 1525 mecum
709 1489 743 1525 se
771 1489 945 1526 occidere
961 1487 1148 1526 clamans.

105 1550 169 1588 Tu
187 1564 277 1588 cum
301 1564 372 1600 pro
388 1550 510 1587 vitula
526 1550 656 1587 statuis
670 1551 825 1588 dulcem
845 1550 994 1588 Aulide
1013 1560 1176 1603 gnatam
1191 1587 1194 1591 .

104 1614 214 1650 Ante
233 1627 332 1658 aras,
347 1613 567 1663 spargisque
588 1613 693 1650 mola
709 1623 839 1662 caput,
853 1614 1041 1662 improbe,
1057 1613 1150 1650 salsa
1164 1628 1193 1658 ;-
1214 1635 1215 1638 =

107 1675 271 1713 Rectum
305 1677 423 1714 animi
450 1676 603 1713 servas?
630 1676 862 1729 Qorsum?
894 1676 1054 1715 Insanus
1082 1676 1195 1724 quid2

271 1740 375 1776 enim
391 1739 444 1789 Aj
452 1752 511 1777 ax(
1094 1752 1142 1778 20
1155 1752 1169 1776 ι

107 1800 234 1845 Fecit,
255 1814 345 1839 cum
366 1801 497 1838 stravit
517 1799 620 1838 ferro
640 1801 779 1849 pecus?
807 1800 1010 1839 Abstinuit
1029 1802 1110 1840 vim

110 1865 242 1901 Uxore
262 1873 300 1900 et
319 1873 453 1915 gnato,
485 1863 590 1900 mala
608 1863 738 1901 multa
753 1873 933 1912 precatus
949 1864 1104 1902 Atridis
1122 1879 1151 1901 :-

103 1927 194 1964 Non
207 1927 269 1964 ille
283 1938 351 1964 aut
365 1927 566 1964 Teucrum
583 1936 663 1971 aut,
678 1927 801 1975 ipsum
817 1926 976 1964 violavit
986 1925 1194 1977 Ulyssem..

106 1990 255 2027 Verum
277 2003 364 2042 ego,
379 1998 435 2034 ut,
452 1989 638 2026 haerentes
659 1989 818 2026 adverso
833 1988 946 2027 litore
965 2003 1081 2028 naves
1101 1996 1195 2040 205·-
1214 1983 1216 1989 ’

105 2053 323 2105 Eriperem,
343 2053 512 2103 prudens
532 2051 684 2102 placavi
705 2052 890 2107 sanguine
919 2053 1059 2091 Divos.

1029 2117 1200 2174 Nempe,-
