1235 2365
58 115 138 154 274
363 104 418 155 Q.
476 101 810 142 HORATII

56 201 171 240 Dum
188 200 310 239 studet
329 201 517 246 urbanus,
544 201 749 250 tenditque
769 201 930 240 disertus
949 200 1096 240 haberi.

55 265 216 314 Decipit
235 264 432 314 exemplar
452 265 554 302 vitiis
574 263 774 302 imitabile.
830 263 954 317 Qod
973 262 1001 302 fi

54 327 249 367 Pallerem
269 329 372 374 casu,
399 329 574 366 biberent
593 327 783 380 exsangue
805 325 1022 366 cuminum·

56 391 93 429 O
114 391 344 436 imitatores,
371 391 525 430 servum
545 404 662 441 pecus
681 393 688 428 !
722 400 766 429 ut
784 389 880 428 mihi
899 389 995 441 saepe

56 453 198 499 Bilem,
227 455 323 504 saepe
337 456 474 506 jocum
495 454 605 494 vestri
626 467 784 492 movere
803 454 1022 492 tumultus!
1074 465 1125 493 20
1178 463 1186 534 1
1222 474 1235 498 ,u

55 519 200 557 Libera
219 533 287 568 per
306 532 477 557 vacuum
496 519 604 568 posui
623 519 783 570 vestigia
801 519 977 568 princeps
995 533 1006 564 3

54 582 146 621 Non
166 583 292 620 aliena
310 596 399 620 meo
419 582 527 632 preffi
543 583 652 631 pede.
710 583 792 637 Qi
812 582 878 620 fibi
898 582 984 620 fidit

53 645 164 690 Dux,
193 647 294 697 regit
314 659 488 683 examen.
547 646 680 683 Parios
701 659 774 697 ego
797 646 946 694 primus
973 645 1124 683 iambos

55 708 215 746 Ostendi
236 709 380 753 Lati03
409 722 593 747 numeros
614 709 838 758 animosque
856 710 1007 747 secutus

52 772 385 818 Archilochi,non
396 787 455 810 res
468 783 505 810 et
518 774 676 825 agentia
686 774 804 810 verba
813 772 1056 821 Lycamben.
1076 783 1123 824 25

53 837 112 875 At
132 850 179 874 ne
201 850 262 874 me
283 836 384 874 soliis
407 838 493 874 ideo
514 837 752 874 brevioribus
772 849 899 881 ornes,

53 900 177 953 Qod
197 900 310 937 timui
331 909 484 951 mutare
506 900 644 936 modos
666 908 703 936 et
723 899 905 936 carminis
926 907 1076 936 artem:

52 963 268 1013 Temperat
286 963 520 1001 Archilochi
541 962 691 1000 musam
716 963 813 1012 pede
834 961 1007 999 mascula
1031 961 1126 1011 Sap-

216 1027 294 1076 pho
313 1042 321 1071 ;

50 1089 266 1139 Temperat
292 1090 471 1128 Alcaeus:
503 1091 566 1129 scd
586 1091 700 1129 rebus
721 1100 759 1128 et
779 1090 914 1129 ordine
935 1089 1076 1139 dispar,

50 1153 132 1190 Nec
150 1154 325 1191 socerum
347 1155 500 1202 qua—rit,
523 1168 640 1203 quem
659 1154 828 1193 versibus
848 1154 997 1192 oblinat
1011 1153 1126 1198 atris;

51 1220 132 1258 Nec
153 1220 291 1270 sponsae
311 1221 496 1269 laqueum
517 1220 666 1258 famoso
686 1220 857 1258 carmine
877 1219 1005 1256 nectit.

52 1284 174 1322 Hunc
197 1298 284 1336 ego,
314 1298 391 1321 non
412 1284 485 1320 alio
507 1286 651 1322 dietum
672 1284 777 1333 prius
798 1296 880 1328 ore,
911 1281 1078 1325 Latinus

49 1348 223 1401 Vuigavi
244 1348 396 1387 fidicen.
454 1350 574 1397 Juvat
594 1350 870 1385 immemorata
889 1346 1081 1385 ferentem

54 1412 239 1464 Ingenuis
260 1413 455 1462 oculisque
475 1413 567 1464 legi,
597 1413 854 1461 manibusque
873 1410 1009 1449 teneri.
1045 1430 1053 1436 ·

55 1476 161 1513 Scire
182 1477 289 1522 velis,
319 1490 408 1514 mea.
427 1491 496 1514 cur
521 1478 697 1529 ingratus
718 1475 902 1526 opuscula
919 1474 1038 1512 lector
1076 1483 1125 1523 35

54 1539 213 1578 Laudet
232 1549 414 1588 ametque
447 1541 569 1585 domi,
596 1549 751 1589 premat
780 1549 889 1578 extra
913 1538 1034 1577 limen
1057 1535 1129 1574 ini-

215 1602 347 1650 quus?

54 1663 146 1702 Non
167 1677 241 1716 ego
260 1664 427 1702 ventosae
446 1663 567 1715 plebis
585 1664 771 1718 suffragia
787 1674 910 1703 venor

55 1727 244 1777 Impenfis
265 1741 478 1773 coenarum,
508 1738 546 1766 et
565 1729 665 1766 tritae
684 1742 845 1768 munere
864 1727 976 1766 vestis
993 1741 1003 1764 :

52 1791 144 1829 Non
159 1804 247 1844 ego,
276 1791 468 1830 nobilium
486 1791 718 1841 scriptorum
739 1792 897 1830 auditor
915 1800 953 1828 et
971 1788 1093 1834 ultor,

55 1853 348 1893 Grammaticas
369 1855 517 1893 ambire
537 1856 661 1893 tribus
680 1864 718 1893 et
733 1854 1053 1908 pulpita—dignor.
1068 1865 1122 1903 40

52 1917 164 1956 Hinc
187 1918 262 1957 inae
282 1918 480 1969 lacrymae.
539 1918 666 1969 Spiffis
686 1919 850 1972 indigna
868 1918 1030 1957 theatris

56 1981 208 2031 Scripta
227 1983 348 2032 pudet
368 1982 544 2028 recitare,
574 1992 612 2020 et
631 1983 746 2036 nugis
767 1983 910 2021 addere
931 1980 1100 2031 pondus,

54 2044 95 2083 Si
115 2045 219 2093 dixi3
253 2046 390 2094 Rides,
420 2046 487 2094 ait,
517 2055 554 2085 et
574 2046 682 2096 Jovis
702 2046 859 2086 auribus
879 2045 947 2084 ista

1041 2105 1130 2145 Ser·
