1235 2365
256 144 658 191 CARMINUM
711 146 805 186 Lm.
837 147 870 185 1.
1049 155 1101 193 19·

33 244 180 297 Pugnae
198 258 208 288 ;
238 243 311 282 five
332 258 428 294 opus
450 245 500 283 est
520 246 742 295 imperitare
761 246 885 293 equis,
1048 253 1097 293 25

33 307 123 346 Non
142 307 280 358 auriga
301 308 423 358 piger.
481 308 683 345 Merionen
704 321 861 356 quoque

33 369 187 409 Nosces.
245 369 347 406 Ecce
367 368 462 406 furit
482 379 520 407 te
539 371 704 420 reperire
725 380 836 408 atrox

85 431 260 481 Tydides
281 430 419 468 melior
440 442 575 481 patre:

35 495 167 549 Qem
186 503 244 538 tu,
274 507 410 532 cervus
430 495 487 531 uti
506 494 618 532 vallis
640 495 678 532 in
698 493 818 532 alter&

4 575 7 579 ·
34 558 168 596 visum
188 565 298 606 parte
315 556 456 606 lupum
477 558 664 608 graminis
686 559 910 602 immemor,
1049 567 1101 607 36

37 619 200 658 Sublimi
220 617 346 671 fugies
367 619 496 656 mollis
517 619 719 665 anhelitu;

88 683 179 721 Non
196 682 270 720 hoc
291 681 485 731 pollicitus
505 692 596 720 tuae,

36 746 233 785 Iracunda
253 744 357 781 diem
378 744 550 793 proferet
572 745 660 789 Ilio,

35 808 302 857 Matronisque
325 808 542 861 Phrygum,
573 807 696 846 claffis
716 807 905 848 Achillen

37 872 124 912 Post
143 880 266 909 certas
286 871 431 908 hiemes
451 881 538 909 uret
557 871 759 910 Achai'cus
1054 883 1103 923 35

91 934 201 987 Ignis
222 934 360 973 Iliacas
382 934 541 974 domos-s

310 1124 660 1166 CARMEN
718 1125 843 1169 XVL.

362 1222 803 1282 PALINODIA.

170 1336 299 1375 Matre
317 1335 484 1387 pulchra
502 1334 582 1373 filia
599 1333 814 1384 pulchrior,

178 1401 312 1455 Qem
332 1399 544 1438 criminofis
564 1412 718 1447 cunque
734 1398 840 1437 voles
860 1399 1031 1438 modum*

15 1465 16 1470 ’
95 1464 219 1502 Pones
239 1464 377 1501 iambis
395 1479 406 1509 3
436 1463 510 1500 five
531 1462 709 1509 flamma,-

152 1527 238 1564 Sive
258 1526 357 1563 mari
376 1525 471 1563 libet
489 1525 688 1562 Adriano.

43 1589 133 1629 Non
153 1589 419 1639 Dindymene,
448 1602 526 1627 non
547 1589 675 1638 adytis
695 1589 824 1637 quatit
1088 1600 1116 1640 ς»

43 1655 221 1694 Mentem
240 1655 488 1692 sacerdotum
508 1653 639 1690 incola
657 1653 834 1702 Pythius,

99 1719 189 1757 Non
208 1717 329 1755 Liber
354 1730 477 1766 aeque,
506 1729 585 1753 non
604 1724 721 1752 acuta

155 1781 214 1818 Sic
234 1780 438 1832 geminant
458 1780 701 1828 Corybantes
722 1792 812 1824 aera,

45 1841 190 1884 Ttistes
210 1852 255 1880 ut
283 1843 348 1880 irae
365 1857 375 1887 ;
404 1854 501 1890 quas
521 1854 647 1889 neque
667 1841 834 1879 Noricus

45 1904 233 1944 Deterret
251 1904 359 1949 enfis,
389 1917 458 1941 nec
479 1916 586 1941 mare
604 1902 869 1956 naufragum„
1073 1917 1122 1943 10

100 1968 182 2007 Nec
201 1968 319 2006 saevus
339 1967 454 2019 ignis,
483 1980 553 2005 nec
574 1968 781 2005 tremendo

155 2031 307 2083 Jupiter
326 2031 408 2084 ipse.
421 2043 536 2071 ruens
556 2028 746 2071 tumultu.

983 2094 1124 2134 Fertur.
