1235 2365
113 150 189 189 ηε)
408 135 838 190 QHORATH

108 235 300 275 Contudit
318 234 518 280 articulos,
547 235 615 283 qui
629 249 700 286 pro
712 236 748 275 se
767 235 935 281 tolleret,
963 246 1083 286 atque

108 299 287 337 Mitteret
306 299 345 336 in
365 299 545 348 phimum
560 299 674 344 talos,
705 300 883 337 mercede
903 300 1046 337 diurna

106 363 356 401 Conductum
370 363 503 412 pavit3
533 374 681 412 quanto
699 363 933 402 constantior
951 363 1057 402 idem

108 427 157 463 In
171 427 289 472 vitiis,
316 436 427 464 tanto
446 426 568 464 levius
587 427 714 472 miser,
734 441 777 465 ac
793 428 898 477 prior
917 427 982 465 ille

107 489 189 542 Qi
203 491 289 540 jam
301 499 499 536 contento,
521 492 606 541 jam
625 490 714 528 laxo
732 490 824 529 fune
843 491 1010 529 laborat.
1123 502 1174 530 20
1210 483 1212 486 ¹

105 551 198 590 Non
213 552 316 591 dices
330 552 652 602 hodie‚quorsum
667 554 745 591 haec
762 563 845 592 tam
851 554 989 604 putida
997 542 1175 598 tendant,

84 631 89 635 ·
108 615 286 654 Furcifer
301 617 312 654 ?
326 617 397 653 Ad
417 625 468 661 te,
501 617 678 665 inquam.
734 618 828 671 Qo
847 620 973 667 padio,
992 617 1145 668 peffime
1163 617 1176 656 ?

272 679 436 716 Laudas
1027 718 1036 724 ‚

109 741 326 780 Fortunam
343 751 380 779 et
400 755 527 780 mores
547 741 713 791 antiquae
732 742 853 792 plebis
871 758 882 789 ;
911 753 949 782 et
961 745 1080 790 idem,

111 807 148 844 Si
163 806 247 854 quis
262 806 312 842 ad
333 805 399 843 illa
414 806 523 843 Deus
542 806 666 844 subito
687 815 723 844 te
743 816 850 858 agat,
865 808 983 856 usque
1002 808 1149 846 recuses
1165 823 1174 847 :

108 871 196 908 Aut
217 870 309 919 quia
327 883 406 907 non
424 870 550 915 sentis,
565 871 670 918 quod
686 870 847 915 clamas,
860 872 996 909 reffius
1017 871 1085 910 effe
1100 887 1111 917 3
1128 883 1174 923 25

108 935 198 972 Aut
218 935 310 983 quia
328 947 406 971 non
426 933 561 971 firmus
580 937 728 972 rec‘ium
749 933 938 979 defendis,
967 944 1005 972 et
1022 934 1160 980 haeres,

110 997 408 1046 Necquicquam
428 1011 537 1034 coeno
557 997 714 1046 cupiens
735 997 896 1035 evellere
915 997 1105 1047 plantam.

113 1061 251 1098 Romae
268 1074 331 1098 rus
352 1070 462 1110 optas
479 1076 488 1105 3
519 1061 714 1098 absentem
734 1060 896 1099 rusticus
909 1063 1047 1100 urbem

111 1124 238 1162 Tollis
255 1124 304 1161 ad
319 1124 537 1161 astralevis.
571 1125 606 1161 Si
624 1125 814 1172 nusquam
830 1138 868 1162 es
882 1123 983 1162 forte
1002 1133 1166 1164 vocatus

109 1188 181 1225 Ad
198 1201 363 1232 coenam,
376 1187 514 1225 laudas
527 1187 817 1233 securumolus;
834 1202 877 1225 ac
894 1187 1002 1226 velut
1015 1189 1178 1237 usquam

110 1253 270 1289 Vinftuz
291 1264 368 1295 eam,
399 1252 452 1288 ita
471 1261 508 1287 te
528 1249 681 1287 felicem
704 1251 812 1294 dicis,
842 1251 1038 1300 amasque,
1130 1264 1174 1302 31

111 1316 234 1367 Qod
254 1315 445 1363 nusquam
467 1314 535 1351 tibi
556 1314 600 1350 slt
619 1314 837 1362 potandum
855 1328 864 1350 ε
889 1313 1036 1364 jufferit
1052 1315 1153 1366 adse

112 1378 307 1416 Marcenas
327 1378 452 1415 serum
469 1379 535 1416 sub
555 1377 705 1415 lumina
726 1379 852 1427 prima
872 1378 1001 1415 venire

112 1442 332 1479 Convivam
351 1457 360 1486 ;
390 1442 559 1479 Nemon’
580 1441 711 1478 oleum
726 1441 825 1479 feret
843 1442 949 1479 ocius
965 1443 978 1479 ?
1004 1442 1136 1491 ecquis

111 1505 243 1542 Audit
259 1506 271 1542 ?
285 1519 373 1542 cum
389 1518 537 1557 magno
550 1505 719 1542 biateras
735 1505 920 1549 clamore,
935 1504 1180 1557 iugisque-35

112 1568 274 1605 Milxius
295 1578 331 1606 et
350 1569 502 1614 scurra,
531 1568 600 1606 tibi
620 1582 698 1605 non
717 1565 918 1606 referenda
930 1570 1091 1618 precati,

114 1631 345 1669 Discedunt.
404 1632 563 1670 Etenim
584 1632 723 1678 fateor,
753 1645 829 1677 me,
867 1634 1004 1671 dixerit
1023 1633 1102 1680 ille,

113 1695 219 1732 Duci
242 1705 375 1732 ventre
395 1695 548 1733 levem:
578 1696 714 1733 nasum
734 1696 869 1733 nidore
888 1696 1044 1745 supinor
1062 1711 1072 1734 :

115 1759 358 1803 Imbecillus,
389 1760 513 1796 iners:
545 1759 570 1795 fi
592 1759 686 1807 quid
705 1759 776 1802 vis,
806 1759 906 1796 adde
926 1760 1084 1808 popino.
1214 1800 1215 1803 ,

115 1823 195 1867 Tu,
216 1835 307 1860 cum
327 1822 372 1859 fis
388 1823 495 1870 quod
522 1835 611 1873 ego,
639 1831 677 1859 et
693 1821 856 1859 fortaffis
876 1823 1054 1870 nequior,
1078 1821 1184 1862 ultro
1214 1842 1215 1862 1

118 1886 316 1929 Insec‘iere,
345 1885 453 1922 velut
474 1884 638 1922 melior?
666 1885 866 1932 verbisque
887 1885 1035 1922 decoris
1131 1898 1178 1936 41
1202 1903 1205 1909 ’

118 1949 317 1987 Obvolvas
339 1949 503 1986 vitium?
532 1949 654 2001 Quid,
676 1947 701 1984 s1
717 1961 780 1985 me
801 1948 1040 1998 stultioripso

111 2012 354 2066 Quingentis
375 2021 479 2048 emto
500 2011 695 2048 drachmis
717 2011 992 2060 deprenderis?
1012 2010 1141 2050 Aufer

116 2078 185 2115 >Me
206 2076 402 2115 vultu-teri
413 2088 473 2113 ere
490 2089 502 2122 :q
530 2087 694 2113 manum
708 2073 1027 2124 stomachumque
1041 2084 1186 2120 teneto,

1057 2138 1186 2183 Dum,
