1235 2365
65 156 137 198 154
374 138 806 198 QHORATII

279 260 368 301 CA
388 259 619 299 NIDIAE
669 259 920 298 Responsm.

182 345 288 384 UID
310 345 491 384 obseratis
512 344 670 382 auribus
689 341 819 381 fundis
839 355 969 393 preces
987 342 1000 381 2

209 413 299 452 Non
311 413 400 452 saxa
418 413 533 451 nudis
548 412 723 450 surdiora
741 410 881 448 navitis

61 477 266 526 Neptunus
285 476 365 514 alto
384 475 515 514 tundit
541 475 727 513 hibernus
747 473 838 512 salo.

63 539 217 577 Inultus
238 548 282 578 ut
301 548 346 577 tu
364 539 486 577 riseris
509 538 687 588 Cotyttia

63 602 251 654 Vulgata,
268 602 420 640 sacrum
436 603 545 640 liberi
567 601 771 650 Cupidinis
789 602 802 639 ?

64 665 118 702 Et
142 665 330 713 Esquilini
350 663 523 713 pontifex
544 663 704 701 venefici

65 728 232 776 Impune
257 736 300 765 ut
319 729 457 765 urbem
478 727 633 764 nomine
654 726 825 776 impleris
845 738 934 764 meo
953 726 967 764 ?

62 790 172 843 (Qid
192 790 366 839 proderit
386 788 515 827 ditaffe
538 789 716 840 Pelignas
738 802 833 826 anus

61 853 289 890 Velociusve
311 852 494 893 miscuiffe
520 853 721 890 toxicum?

65 915 104 952 Si
125 915 298 953 tardiora
318 915 401 954 fata
420 926 457 954 te
480 917 579 954 votis
600 925 758 954 manent
777 929 787 953 :

67 979 231 1030 Ingrata
251 978 387 1017 misero
408 979 489 1016 vita
509 979 689 1017 ducenda
707 978 771 1023 est,
801 978 839 1016 in
858 977 948 1024 hoc,

67 1040 190 1086 Novis
211 1049 254 1077 ut
273 1040 392 1088 usque
411 1041 590 1090 suppetas
612 1041 826 1079 doloribus.

67 1105 192 1153 Optat
208 1104 393 1152 quietem,
410 1104 582 1154 *Pelopis
603 1104 710 1142 infidi
730 1114 854 1154 pater,

65 1167 197 1218 Egens
217 1167 395 1218 benigna:
415 1166 608 1204 Tantalus
627 1167 776 1216 semper
797 1166 905 1216 dapis
924 1181 934 1204 ε

66 1230 191 1280 Optat
213 1229 466 1267 Prometheus
490 1230 686 1282 obligatus
707 1230 813 1268 aliti:

67 1293 193 1342 Optat
213 1293 394 1342 supremo
416 1292 606 1330 collocare
629 1293 817 1343 Sisyphus

67 1356 115 1394 In
135 1365 267 1394 monte
281 1353 438 1392 saxum:
469 1355 533 1392 sed
554 1365 687 1393 vetant
707 1355 814 1409 leges
829 1356 949 1406 Jovis.

64 1418 184 1456 Voles
207 1418 329 1456 modo
350 1417 438 1455 altis
459 1417 607 1456 desilire
627 1419 815 1464 turribus,

64 1481 188 1520 Modo
208 1482 290 1519 ense
311 1484 440 1531 peetus
463 1481 607 1519 Norico
626 1480 826 1520 recludere
844 1497 855 1527 ;

64 1545 298 1594 Frustraque
317 1544 446 1582 vincla
460 1545 612 1597 gutturi
637 1545 801 1584 inneetes
822 1555 906 1592 tu0,

64 1608 273 1647 Fastidiosa
292 1607 405 1645 tristis
427 1608 668 1659 aegrimonia.

62 1674 256 1711 Veetabor
274 1672 447 1710 humeris
468 1682 560 1710 tunc
581 1686 655 1725 ego
675 1673 839 1712 inimicis
860 1686 975 1724 eques
993 1689 1006 1714 ι

63 1736 242 1785 Meaeque
266 1746 370 1774 terra
390 1737 498 1774 cedet
519 1736 741 1774 insolentiae.

62 1800 132 1837 An
153 1813 240 1848 quae
261 1812 418 1837 movere
439 1812 566 1836 cereas
588 1799 791 1851 imagines,

62 1863 136 1907 (Ut
157 1862 231 1911 ipse
251 1861 345 1899 nosti
367 1862 570 1911 curiosus,)
597 1871 633 1900 et
654 1863 756 1917 polo,

63 1926 255 1974 Dei-ipere
276 1924 412 1962 lunam
432 1926 591 1963 vocibus
612 1925 746 1975 posslm
768 1927 878 1971 meis,

63 1988 203 2027 Poffim
217 1998 409 2026 crematos
427 1989 591 2026 excitare
611 1998 804 2034 mortuOS,

61 2051 316 2099 Defiderique
336 2061 551 2100 temperare
573 2052 785 2101 poculum3

63 2113 220 2155 Plorem
242 2114 333 2154 artis
355 2115 393 2154 in
408 2124 445 2153 te
460 2114 514 2154 nil
534 2115 709 2154 habentis
732 2115 905 2156 exitum?
