1235 2365
118 122 179 174 538
446 118 518 174 Q
550 118 878 160 HORATn

129 217 265 257 Laetus
286 217 325 255 in
344 216 506 267 praesens
527 219 697 262 animus,
727 219 835 267 quod
854 218 960 259 ultra
976 218 1029 260 est

129 279 270 317 Oderit
289 293 440 325 curare,
470 289 508 318 et
527 294 664 318 amara
681 281 788 319 lento

127 342 343 393 Temperet
361 343 450 382 risu.
509 344 617 383 Nihil
637 344 689 384 est
707 346 757 384 ab
777 347 885 386 omni

235 407 351 445 Parte
370 408 545 446 beatum.

124 469 300 509 Abstulit
319 469 470 509 clarum
490 471 567 510 cita
585 485 691 511 mors
711 472 941 513 Achillem:

129 533 274 585 Longa
292 532 513 572 Tithonum
533 535 675 573 minuit
695 536 864 574 senestus
881 550 893 575 ς

132 597 186 636 Et
205 598 301 636 mihi
321 597 465 643 forsan,
494 598 564 636 tibi
584 599 693 647 quod
711 599 879 652 negarit,

239 661 419 714 Porriget
437 661 548 700 hora.

130 723 191 762 Te
211 737 351 777 greges
370 734 544 771 centum,
574 724 793 776 Siculaeque
812 727 962 766 circum

129 782 320 839 Mugiunt
340 801 469 825 vaccae
487 803 498 834 ;
527 788 597 826 tibi
616 788 720 827 tollit
738 789 935 831 hinnitum

130 851 243 900 Apta
262 851 463 902 quadrigis
484 864 612 899 equa3
641 860 680 890 te
698 852 756 890 bis
777 851 885 890 Afro

236 912 389 951 Murice
409 914 549 952 tinelae.

129 975 305 1014 Vestiunt
323 976 446 1015 lanae:
478 977 573 1016 mihi
594 991 715 1026 parva
734 991 841 1024 rura,
870 987 911 1017 et

132 1039 320 1089 Spiritum
342 1039 474 1078 Graiae
492 1049 652 1079 tenuem
671 1041 872 1079 Camoenae

131 1102 253 1141 Parca
271 1116 349 1140 non
370 1103 538 1141 mendax
554 1104 676 1149 dedit,
706 1113 744 1142 et
765 1104 987 1157 malignum

242 1168 427 1216 Spernere
447 1167 605 1220 vulguS.

394 1318 743 1359 CARMEN
802 1319 947 1363 XV11.

357 1416 428 1454 An
484 1415 982 1466 MAECENATEM.

235 1508 317 1549 UR
336 1522 398 1547 me
419 1507 584 1557 querelis
605 1509 802 1548 exanimas
824 1511 900 1549 tuis
919 1510 933 1548 ?

262 1572 343 1611 Nec
366 1572 439 1610 Dis
459 1570 632 1610 amicum
652 1571 717 1616 est,
746 1586 815 1611 nec
837 1571 949 1619 mihi,
978 1581 1015 1611 te
1035 1571 1143 1622 prim

188 1636 325 1680 Obire,
357 1634 565 1680 Maecenas,
594 1649 774 1674 mearum
1222 1676 1226 1690 x

241 1698 404 1736 Grande
425 1698 557 1742 decuS‚
588 1697 849 1749 columenque
869 1712 1017 1738 rerum.
1221 1701 1227 1745 '5

131 1761 202 1801 Ah
221 1763 228 1798 !
262 1771 299 1799 te
321 1775 416 1799 meae
437 1760 462 1797 fi
483 1770 636 1810 partem
656 1763 796 1801 animae
819 1764 922 1813 rapit
1181 1753 1228 1813 52}

131 1825 330 1863 Maturior
348 1824 420 1868 vis,
450 1824 546 1872 quid
566 1837 701 1862 moror
721 1824 858 1871 altera,

187 1887 269 1926 Nec
290 1901 402 1924 carus
424 1901 547 1936 aeque,
576 1901 645 1926 nec
666 1888 852 1938 superstes

242 1952 428 2003 Integer?
459 1951 530 1990 Ille
551 1953 631 1990 dies
654 1962 865 2002 utramque

133 2014 269 2053 Ducet
288 2015 455 2052 ruinam.
514 2015 604 2053 Non
624 2029 697 2067 ego
718 2015 915 2065 perfidum

133 2080 231 2120 Dixi
249 2079 566 2120 sacramentum:
596 2081 755 2129 ibimus,
784 2081 941 2128 ibimus,
1163 2089 1233 2122 101

1052 2140 1233 2204 meua-,3²
