1235 2365
234 133 646 176 CARMINUM
691 132 852 174 Lm.1.
1031 142 1079 184 31

263 326 612 368 CARMEN
669 326 830 367 XXIX.

337 442 408 481 An
466 444 485 481 Ι
503 441 535 481 C
552 443 584 482 C
600 443 619 481 Ι
634 445 674 482 U
690 441 748 481 M.

21 543 185 648 ICCI,
212 541 335 580 beatis
356 554 458 579 nunc
478 541 664 579 Arabum
684 540 833 578 invides

134 608 256 648 Gazis
275 623 284 653 ;
314 616 352 646 et
371 621 501 645 acrem
520 607 702 645 militiam
721 618 836 658 paras

72 672 163 712 Non
184 680 272 709 ante
292 671 455 708 devictis
482 672 626 708 Sabaeae

130 737 331 788 Regibus;
361 734 618 784 horribilique
643 734 765 772 Medo

20 801 148 841 Neffis
169 810 338 839 catenas.
394 800 497 853 Qae
517 799 586 836 tibi
606 799 823 851 virginum,
1068 807 1093 846 5

22 866 170 916 Sponso
189 874 341 908 necato,
369 864 537 901 barbara
554 863 721 901 serviet?
921 866 930 867 ’

76 930 179 967 Puer
198 929 283 976 quis
303 942 348 964 ex
368 927 457 965 aula
476 926 621 977 capillis

131 992 200 1030 Ad
220 992 406 1041 cyathum
427 991 616 1029 statuetur
634 991 772 1036 unciis,

25 1056 175 1095 Doctus
193 1056 354 1108 sagittas
374 1056 532 1093 tendere
551 1056 697 1093 Sericas

25 1121 138 1160 Arcu
158 1129 321 1169 paterno
339 1120 352 1156 ?
379 1119 465 1166 quis
484 1128 602 1171 neget
622 1118 754 1156 arduis
1047 1126 1102 1154 10⁴

81 1184 229 1222 Pronos
249 1183 369 1221 relabi
388 1182 487 1232 poffe
507 1183 610 1220 rivos

137 1247 355 1291 Montibus,
385 1256 423 1284 et
442 1246 620 1284 Tiberim
641 1245 782 1283 reverti
799 1260 809 1291 ς

29 1313 134 1351 Cum
153 1321 198 1349 tu
217 1312 392 1348 co’e'mtos
411 1311 585 1359 undique
605 1310 752 1348 nobiles

33 1376 173 1414 Libros
194 1374 356 1418 Panaetb
387 1373 628 1411 Socraticam
648 1383 685 1411 et
704 1373 871 1411 domum

86 1438 244 1478 Mutare
263 1437 391 1475 loricis
413 1437 550 1482 Iberis,
1052 1443 1103 1485 ις

142 1502 343 1541 Pollicitus
364 1502 541 1548 meliora,
570 1500 724 1539 tendis?

296 1648 645 1690 CARMEN
706 1647 846 1688 XXX.

325 1766 395 1804 Ar>
449 1765 638 1804 VENE
657 1763 826 1803 REM..

168 1865 332 1910 mes,
361 1864 498 1916 regina
517 1864 633 1902 Cnidi
654 1863 870 1914 Paphique,

211 1932 352 1979 Sperne
373 1928 552 1966 dileetam
573 1928 748 1978 Cypron,
778 1937 818 1966 et
836 1924 1019 1965 vocantis*

44 1995 180 2036 Thure
199 2003 236 2032 te
256 1992 383 2031 multo
403 1992 585 2042 Glycerae
604 1993 789 2031 decoram

151 2057 341 2098 Transfer
359 2057 398 2097 in
418 2058 565 2097 eedem»

923 2104 1121 2146 Peneidas
