1235 2365
127 148 178 187 26
446 148 517 201 Q
550 146 876 187 HORAT11

124 244 246 289 Nam,
274 243 338 281 seu
358 243 567 282 mobilibus
586 245 687 282 veris
706 245 901 284 inhorruit
1169 261 1194 301 5

122 308 335 346 Adventus
355 306 472 353 foliis,
500 309 565 346 seu
584 308 725 347 virides
744 310 890 348 rubum

175 372 393 410 Dimovere
412 370 582 416 lacertae,

231 436 285 473 Et
300 436 417 473 corde
433 445 472 473 et
486 436 649 488 genibus
671 433 817 474 tremit.

120 499 252 548 Atqui
271 512 349 536 non
368 511 444 551 ego
462 509 515 544 te,
544 500 655 552 tigris
674 509 718 538 ut
739 500 886 549 aspera,

121 561 349 602 Ga-tuliisve
367 561 445 606 leo,
472 560 654 614 frangere
673 557 896 613 persequor.
1141 577 1193 604 ιο

173 626 358 664 Tandem
378 625 504 662 define
524 634 694 662 matrem

226 689 477 739 Tempestiva
494 688 600 738 sequi
621 688 718 726 viro.

365 871 719 914 CARMEN
778 872 944 919 XXIV.

378 985 450 1023 An
505 984 929 1027 VIRGILIUM.

238 1082 330 1122 UIS
354 1083 541 1122 desiderio
561 1083 606 1121 fit
625 1084 768 1133 pudor,
797 1095 866 1123 aut
885 1087 1027 1126 modus

265 1146 370 1183 Tam
392 1146 470 1183 cari
491 1145 626 1194 capitis
645 1146 657 1182 ?
686 1145 856 1196 Praecipe
874 1146 1061 1199 lugubres

117 1209 282 1255 Cantus,
313 1209 578 1258 Melpomene,
607 1209 668 1246 cui
688 1209 880 1258 liquidam
900 1221 1012 1262 pater
1036 1257 1039 1260 Ι

170 1275 320 1311 Vocem
341 1285 432 1309 cum
453 1272 603 1310 cithara
621 1273 741 1310 dedit.

117 1338 228 1390 Ergo
248 1335 490 1390 Qintilium
511 1345 720 1385 perpetuus
740 1336 856 1387 sopor
1162 1350 1187 1390 5

117 1400 273 1452 Urget?
303 1399 365 1436 cui
385 1398 532 1443 Pudor,
561 1408 600 1436 et
614 1399 775 1447 Justitiae
794 1401 901 1439 soror

116 1465 354 1512 Incorrupta
375 1462 504 1506 Fides,
533 1463 718 1511 nudaque
737 1464 908 1511 Veritas,

170 1527 345 1580 Qando
366 1525 493 1563 ullum
513 1526 709 1564 invenient
728 1529 893 1576 parem?

116 1591 256 1630 :Multis
277 1590 339 1628 ille
360 1589 472 1627 bonis
494 1589 629 1636 flebilis
649 1590 792 1628 occidit
809 1606 820 1636 ;

117 1655 227 1693 Nulli
248 1653 409 1691 flebilior
439 1665 560 1702 quam
579 1654 662 1698 tibi,
691 1654 847 1707 virgili.
1137 1669 1188 1698 10
1223 1651 1225 1654 ¹

117 1720 185 1758 Tu
203 1718 344 1756 frustra
363 1718 463 1766 pius,
491 1716 568 1754 heu
585 1719 593 1753 ἔ
626 1729 705 1754 non
724 1717 779 1755 ita
797 1717 992 1758 creditum

173 1783 298 1821 Poscis
319 1781 561 1836 Qintilium
581 1780 703 1818 Deos.

118 1847 242 1902 Qod
266 1846 293 1883 fi
311 1845 497 1883 Threicio
519 1843 699 1882 blandius
722 1843 883 1894 Orpheo

118 1910 316 1949 Auditam
335 1909 536 1946 moderere
557 1907 758 1945 arboribus
777 1908 896 1948 fidem
913 1925 925 1956 3

119 1976 210 2014 Non
229 1987 339 2011 vana:
358 1973 492 2011 redeat
511 1972 666 2023 sanguis
689 1972 866 2026 imagini,
1137 1985 1188 2025 15·

171 2039 308 2092 Qam
327 2036 440 2089 virga.
457 2035 573 2075 semel
591 2034 750 2074 horrida

1092 2099 1188 2141 Non
