1235 2365
203 136 651 189 ,CARMINUM
696 137 791 178 Lm.
822 139 855 177 Ι.
1032 151 1080 177 21

61 250 102 275 ec
123 235 325 276 Martiales
345 237 500 277 haedilia
517 236 630 288 lupos
647 253 656 282 ;

64 309 233 350 tcunque
253 300 370 345 dulci,
399 300 592 349 Tyndari,
620 298 746 339 fistula
1037 311 1087 338 10

72 362 205 400 Valles
224 371 262 400 et
282 361 422 400 Usticae
441 363 618 400 cubantis

127 423 263 462 Laevia
280 424 507 474 personuere
526 424 626 462 saxa.

64 489 75 525 i
94 500 158 526 me
176 497 336 526 tuentur
353 501 362 525 :
393 487 468 525 Dis
488 487 610 536 pietas
631 500 720 525 mea

58 560 73 588 t
92 551 201 589 musa
219 550 329 589 cordi
348 550 413 588 est.
471 550 579 587 Hinc
603 551 671 587 tibi
692 551 806 601 copia

71 613 251 653 Manabit
270 614 321 652 ad
339 613 500 662 plenum
520 613 689 664 benigno
1036 623 1083 664 15

128 677 244 715 Ruris
258 677 455 715 honorum
476 677 660 726 opulenta
679 689 813 714 cornu.

19 738 101 778 Hic
123 739 162 777 in
181 740 339 778 redufflt
358 740 459 777 valle
480 740 681 779 Caniculae

56 803 168 841 itabis
188 802 313 848 aestus,
342 812 379 841 et
399 803 474 841 fide
495 802 595 841 Teia.

71 865 191 903 Dices
210 865 432 902 laborantes
451 865 491 903 in
510 878 591 904 uno

125 927 344 977 Penelopen
363 928 608 976 vitreamque
629 928 782 966 Circen.
1033 936 1087 965 20

17 991 98 1029 Hic
119 992 333 1029 innocentis
352 992 495 1041 pocula
515 992 641 1029 Lesbii

62 1068 150 1092 uces
169 1054 237 1092 sub
256 1054 421 1091 umbra:
453 1067 523 1091 nec
546 1053 757 1092 Semeleius

70 1117 175 1155 Cum
195 1116 325 1154 Marte
347 1115 560 1154 confundet
578 1116 793 1165 Thyoneus

10 1152 13 1219 i
124 1178 265 1216 Proelia
287 1193 297 1216 ι
327 1191 395 1216 nec
417 1188 565 1216 metues
587 1171 818 1228 protei-vinu

18 1241 198 1292 Suspefta
216 1242 382 1291 Cyrum,
413 1255 460 1279 ne
481 1241 584 1280 malie
605 1242 746 1291 dispari
1036 1249 1086 1291 25

18 1305 307 1344 Incontinentes
329 1305 478 1355 injiciat
498 1318 654 1349 manus,

71 1369 126 1406 Et
142 1367 290 1405 scindat
309 1367 521 1405 haerentem
544 1380 731 1406 coronam

69 1430 266 1477 Crinibus,
294 1430 612 1480 immeritamque
632 1430 788 1470 vestem.

267 1603 303 1646 C
324 1604 367 1644 A
389 1604 430 1645 R
451 1605 502 1645 M
523 1605 556 1646 E
577 1605 620 1645 N
679 1604 839 1645 XVIII.

350 1717 421 1755 AD
474 1717 748 1756 VARUM.

139 1816 312 1860 ULLAM,
354 1816 475 1861 Vare,
513 1815 621 1854 sacra
639 1816 716 1853 vite
736 1814 842 1865 prius
861 1813 998 1852 severis
1027 1826 1087 1852 ar-

244 1879 382 1917 horem

17 1941 134 1980 Circa
152 1941 245 1978 mite
264 1940 389 1978 solum
409 1938 582 1986 Tiburis,
613 1950 650 1979 et
669 1941 813 1985 moenia
833 1940 966 1980 Catili..

20 2003 136 2041 Siccis
157 2004 288 2049 omnia
307 2016 399 2041 nam
420 2003 518 2040 dura
537 2004 648 2042 Deus
669 2004 867 2053 proposuit
884 2019 894 2049 3
923 2015 1048 2052 neque

19 2065 226 2107 Mordaees
246 2067 358 2106 aliter
379 2065 593 2120 diffugiunt
610 2067 886 2107 solicitudines.

979 2127 1082 2181 Quis
