1235 2365
230 162 688 203 SATYRARUM
743 162 838 201 Lm.
861 161 917 200 11.
1030 172 1106 213 205

40 258 195 304 Saeviat,
224 267 341 307 atque
360 271 482 296 novos
503 269 660 297 moveat
679 258 838 296 fortuna
857 255 1050 296 tumultus
1067 272 1078 301 ;

37 324 247 377 Qantum
259 323 347 360 hinc
363 323 590 361 imminuet?
606 324 767 377 Qanto
782 322 1110 374 autegoparcius‘.

200 396 269 424 aut
288 399 372 430 vos,

38 449 75 488 O
95 449 218 501 pueri,
246 448 424 494 nituistis,
452 458 496 486 ut
514 448 592 486 huc
611 462 735 486 novus
756 446 885 485 incola
904 447 1012 485 venit
1031 448 1044 484 ?

37 513 143 553 Nam
156 512 326 562 ‘propriae
341 511 489 550 telluris
509 511 649 549 herum
668 521 824 556 natura,
839 524 964 559 neque
979 510 1111 556 illum,

36 577 120 616 Nec
136 591 213 623 me,
232 590 302 614 nec
319 589 562 626 quemquam
577 575 720 614 statuit.
751 575 833 612 Nos
855 573 1004 623 expulit
1019 573 1082 611 ille
1100 588 1110 611 z

39 640 161 679 Illum
181 649 252 678 aut
273 640 477 689 nequities,
506 649 574 678 aut
596 638 695 677 vafri
715 639 863 677 inscitia
876 639 975 690 juris
992 654 1002 684 3
1040 650 1110 689 131

39 702 238 742 Postremo
258 702 422 752 expellet
441 712 543 741 certe
563 702 740 740 vivacior
758 702 881 740 haeres

39 765 155 804 Nunc
175 779 270 819 ager
290 766 483 804 Umbreni
501 765 570 803 sub
590 766 762 811 nomine,
791 779 916 815 nuper
939 764 1061 803 Ofelli

39 831 193 876 Didius,
221 832 294 868 erit
311 829 409 868 nulli
428 830 607 879 proprius
626 845 635 875 ;
665 830 728 867 sed
749 830 860 867 cedet
879 829 920 866 in
939 829 1055 868 usum

39 895 155 933 Nunc
171 894 281 940 mihi,
300 907 403 932 nunc
419 893 496 931 alii.
517 893 718 947 roirca
732 892 849 930 vivite
865 891 985 930 fortes
1003 907 1013 937 3
1040 903 1111 941 135

42 957 254 1007 Fortiaque
273 956 441 995 adversis
460 956 645 1007 opponite
664 958 820 1006 pectora
837 957 966 995 rebus.

348 1137 687 1180 SATYRA
746 1137 820 1176 111..

53 1276 55 1278 ·
127 1266 182 1305 IC
203 1278 292 1304 raro
310 1264 456 1311 scribis,
485 1273 530 1303 ut
548 1273 634 1302 toto
654 1277 734 1302 non
754 1272 893 1312 quater
907 1276 1010 1302 anno

156 1328 434 1367 Membranam
454 1327 601 1378 poscae,
620 1327 855 1376 scriptorum
877 1338 1043 1374 quaeque
1062 1338 1120 1363 re-

208 1401 354 1436 texens,

47 1455 177 1494 Iratus
196 1456 280 1501 tibi,
310 1455 418 1504 quod
438 1454 518 1492 vini
538 1454 738 1502 somnique
759 1452 951 1505 benignus

45 1519 113 1558 Nil
132 1520 298 1572 dignum
313 1519 487 1557 sermone
504 1532 633 1555 canas,
690 1518 800 1572 Qid
821 1517 886 1554 fiet
903 1518 916 1555 ?
943 1526 984 1555 at
1003 1516 1090 1566 ipsis

49 1582 320 1621 Saturnalibus
340 1582 416 1619 huc
436 1580 567 1633 fugisti
586 1581 747 1619 sobrius.
806 1581 916 1632 Ergo
1098 1594 1119 1631 5

47 1647 127 1685 Dic
147 1645 296 1694 aliquid
317 1645 484 1697 dignum
504 1643 692 1693 promiffis
712 1660 720 1681 :
754 1645 902 1694 Incipe.
959 1643 1025 1682 Nil
1040 1643 1119 1682 est.

42 1710 270 1760 Culpantur
288 1709 430 1748 frustra
450 1709 606 1753 calami,
636 1709 929 1756 immeritusque
949 1707 1104 1746 laborat

48 1775 165 1813 I-ratis
184 1783 302 1812 natus
322 1774 448 1823 paries
468 1773 544 1811 Dis
564 1781 682 1821 atque
703 1773 840 1822 poetis.

47 1841 178 1890 Atqui
197 1840 332 1878 vultus
354 1832 436 1877 erat
458 1837 585 1876 multa
605 1847 641 1875 et
662 1838 851 1887 praeclara
869 1836 1070 1881 minantis,

53 1907 90 1944 Si
113 1918 283 1943 vacuum
303 1905 436 1953 tepido
457 1901 607 1951 cepiffet
626 1901 763 1939 villula
781 1903 894 1938 tec‘to.
1077 1911 1124 1937 10

49 1969 253 2023 Qorsum
272 1968 458 2018 pertinuit
478 1966 614 2015 stipare
635 1965 800 2003 Platona
820 1964 1041 2002 Menandro
1059 1964 1072 2002 ?

55 2032 231 2082 Eupolin
249 2030 494 2069 Archilocho
514 2030 525 2067 ἓ
555 2029 717 2066 comites
731 2029 894 2066 educere
914 2037 1043 2066 tantos
1060 2029 1073 2066 ἓ

53 2095 251 2135 Invidiam
271 2093 425 2145 placare
446 2105 574 2143 parm,
604 2092 748 2142 virtute
767 2091 924 2131 relicta?

537 2156 574 2192 T
862 2155 1124 2194 Contemnere
