1235 2365
246 159 539 202 EPODON
586 159 826 201 LIBER.
1009 175 1081 215 147

19 260 76 301 Ne
98 258 200 299 foret
224 260 392 309 aquales
413 261 511 299 inter
531 260 709 306 conviva,
739 259 866 313 magis
887 272 1005 311 quem

70 324 265 377 Diligeret
281 323 420 362 mulier
432 323 513 369 sua,
543 336 663 373 quam
684 333 735 362 te.

17 387 54 426 O
70 401 143 440 ego
163 400 241 426 non
256 386 365 433 felix,
383 400 503 436 quam
519 395 562 425 tu
577 386 696 440 fugiS,
716 397 759 426 ut
774 397 890 438 pavet
906 401 1012 427 acres
1035 401 1082 440 25

69 450 193 504 Agna
211 450 339 500 IuPOS,
368 463 592 500 capreaeque
611 449 740 488 leones
759 453 767 488 !

276 610 437 652 CAR
461 609 629 650 MEN
689 610 806 650 XIII.

350 721 421 760 An
467 722 762 761 AMICOS.

20 816 299 918 HORRmA
308 815 880 866 tempestascoelumcontraxiu
898 827 934 855 et
946 817 1089 856 imbres

189 880 379 930 Nivesque
405 881 605 920 deducunt
631 882 798 931 Jovem:
847 894 950 919 nunc
981 894 1089 919 mare

284 958 387 982 nune
416 943 518 982 filii-„e

18 1008 202 1047 Threicio
221 1009 423 1058 Aquilone
444 1009 592 1047 sonant.
653 1008 884 1058 RapiamuS‚
914 1008 1044 1054 amici,

73 1072 328 1111 Occasionem
344 1073 390 1110 de
412 1073 471 1110 die
490 1087 500 1109 2
531 1072 705 1120 dumque
721 1073 847 1109 virent
866 1084 1009 1124 genua,

21 1136 75 1174 Et
95 1136 219 1181 decet,
249 1136 415 1174 obdue'ta
436 1135 635 1173 solvantur
654 1135 782 1173 fronte
802 1136 982 1173 seneclus,
1069 1150 1090 1186 5

72 1201 139 1238 Tu
157 1201 248 1238 vina
267 1200 474 1248 Torquato
495 1212 610 1237 move
631 1199 784 1241 consule
805 1198 925 1248 preffa
948 1212 1050 1238 mco·

19 1265 169 1303 Caetera
187 1264 299 1304 mitte
317 1263 440 1313 loqui.
497 1263 608 1302 Deus
627 1263 714 1301 hoec
734 1261 886 1301 fortasse
906 1263 1077 1315 benigna

74 1327 252 1365 Reducet
271 1328 309 1364 in
328 1327 459 1365 sedem
480 1328 575 1365 viee.
633 1327 747 1365 Nunc
768 1336 806 1365 et
825 1326 1089 1364 Achaemenia

19 1391 210 1431 Perfundi
230 1392 354 1429 nardo
369 1393 499 1443 juvat,
528 1401 566 1430 et
585 1391 661 1429 fide
683 1391 871 1441 Cyllenea

75 1458 227 1496 Levare
248 1457 339 1495 diris
359 1460 514 1506 pectora
528 1457 847 1495 sollicitudinibus
864 1471 873 1494 ε
1044 1467 1092 1495 10

20 1521 172 1561 Nobilis
192 1530 236 1559 ut
256 1522 396 1573 grandi
417 1521 554 1559 cecinit
574 1521 796 1559 Centaurus
821 1519 981 1558 alumno
1001 1533 1010 1558 :

77 1586 222 1624 Invide
243 1585 435 1630 mortalis,
465 1585 551 1622 Dea
569 1593 658 1622 nate
679 1597 775 1634 puer
796 1583 981 1628 Thetide,

21 1647 82 1687 Te
102 1658 235 1687 manet
254 1647 430 1688 Affaraci
447 1648 575 1693 tellus,
605 1661 725 1697 quarn
746 1646 893 1700 frigida
911 1647 1023 1697 parvi

63 1713 236 1751 Findunt
251 1712 480 1750 Scamandri
495 1711 670 1756 flumina,
690 1712 864 1749 lubricus
880 1721 918 1749 et
936 1712 1094 1750 Simo'x's:

24 1777 141 1814 Unde
156 1777 225 1815 tibi
246 1777 417 1816 reditum
443 1785 548 1813 certo
568 1775 780 1813 subtemine
802 1775 934 1812 Parcae
1049 1787 1093 1824 15

83 1840 235 1889 Rupere
252 1857 262 1887 3
283 1855 353 1879 nec
373 1850 499 1879 mater
521 1841 685 1877 domum
702 1839 844 1877 caerula
865 1849 901 1876 te
925 1839 1096 1877 revehet.

26 1903 110 1941 Elic
132 1917 246 1943 omne
267 1905 417 1943 malum
438 1904 528 1941 vino
549 1913 747 1952 cantuque
768 1903 913 1948 levato,

79 1965 281 2009 Deformis
302 1967 538 2021 aegrimoniae
560 1966 740 2006 dulcibus
761 1965 955 2015 alloquiis.

523 2030 561 2068 N
580 2042 607 2070 z
963 2027 1099 2068 CAR-
