1235 2365
139 134 187 171 14
454 126 509 176 Q.
558 127 890 170 HORATII

133 218 251 256 Unde
272 219 447 258 vocalem
467 232 611 263 temere
631 226 809 266 insecutae

241 283 401 331 Orphea
419 284 535 331 filvae,

130 344 234 382 Arte
255 356 433 385 materna
451 351 609 399 rapidos
630 363 853 392 morantem

132 408 362 448 Fluminum
382 411 522 462 lapsus,
553 416 769 467 celeresque
788 428 924 461 ventos
941 434 954 465 ς
1148 434 1196 462 10

129 471 331 512 Blandum
350 487 388 513 et
406 479 551 516 auritas
571 480 714 519 fidibus
734 483 885 521 canoris

237 537 394 577 Ducere
416 554 594 589 quercus·

126 599 237 653 Qiid
257 602 364 650 prius
385 604 514 642 dicam
533 607 650 644 solitis
672 608 846 646 Parentis

126 662 333 702 Laudibus
350 682 360 710 ;
391 669 456 716 qui
477 683 536 707 res
555 671 762 709 hominum
782 685 826 710 ac
846 671 1043 720 Deorum,

125 726 209 781 Qui
228 740 335 766 mare
355 740 393 767 et
413 740 549 778 terras,
578 734 769 783 variisque
789 736 985 775 mundum
1145 749 1192 788 15

233 792 450 842 Temperat
470 795 577 834 horis
596 797 608 834 ?

124 855 242 895 Unde
258 856 311 893 nil
333 860 458 909 majus
479 870 691 911 generatur
712 861 805 910 ipso,

123 920 205 958 Nec
227 922 333 973 viget
367 923 587 971 quidquam
607 924 742 969 simile,
772 935 840 964 aut
858 924 1099 965 secundum:

124 985 328 1023 Proximos
351 986 405 1023 illi
426 996 559 1025 tamen
581 989 789 1038 occupavit

230 1050 358 1088 Pallas
378 1051 557 1089 honores..
1004 1049 1008 1052 ⁴
1141 1064 1192 1092 20

123 1112 273 1151 Proeliis
294 1116 421 1152 audax
441 1129 566 1164 neque
586 1125 624 1153 te
653 1115 784 1160 fileb0‚

122 1175 269 1223 Liber3
300 1187 337 1216 et
355 1178 462 1216 saevis
477 1179 633 1216 inimica
653 1180 777 1230 Virgo

124 1240 270 1278 Belluis
290 1257 299 1286 ;
333 1255 402 1279 nec
419 1252 471 1287 te,
503 1243 713 1280 metuende
734 1251 841 1280 certa
867 1238 870 1239 ⁷

232 1304 376 1342 Phoebe
396 1305 550 1356 sagitta.

118 1367 265 1406 Dicam
287 1378 324 1405 et
343 1367 529 1413 Alciden,
557 1368 771 1418 puerosque
798 1368 947 1415 Ledae5
1138 1379 1187 1421 25

118 1431 240 1469 Hunc
263 1432 385 1480 equis,
415 1432 526 1469 illum
546 1432 723 1481 superare
751 1432 894 1483 pugnis

119 1496 327 1534 Nobilem:
359 1508 531 1544 quorum
560 1494 673 1533 simul
693 1494 782 1533 alba
801 1495 929 1534 nautis

228 1558 350 1597 Stella
364 1558 526 1604 refulsit,

116 1624 268 1664 Defluit
286 1625 380 1662 saxis
402 1625 572 1676 agitatus
591 1623 735 1661 humor
752 1639 763 1668 3

115 1689 341 1727 Concidunt
360 1688 479 1733 venti,
508 1686 744 1740 fugiuntque
769 1688 914 1733 nubes;
1133 1699 1184 1740 30

115 1752 171 1791 Et
190 1752 321 1789 minax
341 1751 464 1799 (quod
481 1750 528 1788 sle
550 1751 724 1802 voluere)
742 1760 864 1802 ponto

224 1815 345 1852 Unda
362 1814 567 1852 recumbit.

118 1878 337 1919 Romulum
354 1878 436 1927 post
456 1877 526 1916 hos
542 1878 662 1928 prius,
692 1892 743 1917 an
764 1877 942 1928 quietum

117 1943 286 1992 Pompili
306 1954 474 1994 regnum
495 1955 726 1987 memorem,
757 1955 807 1980 an
826 1942 1009 1991 superbos

115 2007 308 2056 Tarquini
330 2005 462 2050 fasces,
493 2005 642 2051 dubito,
673 2019 722 2044 an
743 2005 903 2044 Catonis
1008 2059 1018 2061 -
1134 2015 1181 2054 35

225 2068 365 2108 Nobile
386 2068 551 2108 lethum.

1056 2129 1185 2183 Regu-
