1235 2365
123 125 170 168 ,ιε
440 124 509 178 Q
542 123 878 166 HORATn

395 305 743 348 CARMEN
801 308 917 350 XIII.

436 421 507 460 An
563 423 600 461 L
616 424 653 462 Y
666 425 707 462 D
723 425 741 462 I
753 425 796 462 A
811 425 869 463 Μ.

125 527 309 626 CUM
329 536 385 574 tu,
416 527 565 577 Lydia,
593 529 760 580 Telephi

248 594 451 632 Cervicem
471 596 634 643 roseam,
663 609 701 636 et
721 612 832 636 cerea
849 596 1015 648 Telephi

120 656 281 695 Laudas
301 657 474 702 brachia,
504 661 587 697 vae!
622 674 758 699 meum

175 721 342 758 Fervens
363 720 508 758 difficili
527 722 602 760 bile
621 733 749 762 tumet
762 726 886 775 jecur.
1233 766 1235 780 ‹

119 782 235 821 Tunc
255 797 324 820 nec
344 797 454 821 mens
474 785 583 831 mihi,
612 800 682 824 nec
703 787 811 824 color
1161 801 1187 845 5
1232 785 1235 823 j

174 847 292 885 Certa
312 848 397 885 sede
418 858 550 886 manet
568 864 578 893 ;
607 850 751 888 humor
771 860 808 888 et
827 850 867 887 in
884 863 1005 903 genas

121 910 275 949 Furtim
295 911 454 957 labitur,
484 926 652 964 arguens

171 976 308 1029 Qum
330 975 444 1012 lentis
464 976 617 1024 penitus
637 989 812 1014 macerer
831 975 999 1028 ignibus,

120 1038 240 1082 Uror,
270 1039 334 1075 seu
354 1039 423 1075 tibi
444 1039 631 1076 candidos

171 1102 401 1150 Turpfirunt
421 1103 604 1140 humeros
625 1101 848 1139 immodicae
868 1113 978 1139 mero
1139 1114 1187 1142 10

120 1165 250 1210 Rix21›;
282 1166 356 1204 five
378 1180 472 1215 puer
493 1165 624 1203 furens

175 1229 365 1277 111.}·1·effit
387 1242 600 1265 memorem
623 1227 737 1264 dente
756 1225 874 1264 labris
889 1234 1039 1264 notam.

118 1290 223 1335 Non,
256 1292 280 1327 fi
303 1305 364 1328 me
385 1292 472 1328 satis
493 1291 644 1335 audias,

173 1355 307 1402 Spercs
328 1364 574 1403 perpetuum,
605 1353 735 1391 dulcia
753 1353 919 1390 barbare

117 1417 346 1454 Laedentem
367 1417 509 1461 oscula,
539 1430 622 1465 quae
642 1418 775 1455 Venus
1138 1429 1183 1469 15

169 1482 322 1536 Qinta
342 1491 449 1530 parte
470 1482 523 1518 sui
545 1480 704 1517 nedtaris
725 1481 877 1520 imbuit.

118 1545 262 1582 Felices
281 1555 355 1589 ter,
385 1554 422 1582 et
442 1544 625 1593 amplius,

169 1610 282 1662 Qos
303 1609 453 1656 irrupta
472 1617 576 1645 tenet
596 1607 737 1656 copula
754 1623 764 1653 ;
794 1621 863 1646 nec
883 1608 999 1648 malis

117 1672 303 1710 Divulsus
324 1671 591 1719 querimoniis,

173 1737 364 1785 Suprema
384 1736 495 1773 citius
516 1735 635 1774 solvet
657 1747 767 1773 amor
787 1735 862 1780 die,
1134 1748 1186 1778 20

1052 1958 1190 2028 CAR‘.
