1235 2365
193 123 736 164 EPISTOLARUM
775 124 869 164 Lm.
900 125 957 165 ΙΙ,
1034 127 1110 178 285

41 206 101 245 Ut
119 204 243 245 studio
259 209 405 259 majore
425 217 559 257 petant
578 207 775 247 Helicona
793 209 998 248 virentem.

34 266 173 307 'Mutta
192 269 352 318 quidem
371 271 482 307 nobis
501 269 668 308 facimus
688 270 794 308 mala
811 271 907 321 ssepe
927 273 1067 321 poetae,

39 332 116 378 (Ut
128 332 258 370 vineta
269 342 424 384 egomet
438 333 586 371 caedam
594 339 697 383 mea)
705 347 794 371 cum
802 333 870 371 tibi
880 334 1025 372 librum
1037 346 1116 374 220

41 395 217 434 Sollicito
238 397 392 441 damus,
421 405 489 433 aut
508 395 623 441 feff03
654 410 745 434 cum
764 395 959 442 laedimur,
987 406 1112 436 unum

41 460 82 499 Si
103 461 188 510 quis
209 460 428 498 amicorum
445 460 495 497 est
514 460 625 497 ausus
646 461 876 509 reprendere
896 461 1074 506 versum3

41 524 144 563 Cum
164 524 248 561 loca
262 525 346 574 jam
366 523 528 561 recitata
546 522 783 560 revolvimus
803 523 1007 562 iri-evocati
1024 539 1036 569 ;

40 585 145 624 Cum
164 584 429 623 lamentamur
446 598 525 623 non
545 598 731 635 apparere
750 585 900 624 labores

42 649 216 694 Nostros,
247 659 285 687 et
305 650 410 687 tenui
434 650 598 686 dedueia
617 650 800 699 po'e'mata
819 649 911 696 filo;
1037 662 1112 701 225

44 713 149 751 Cu‘m
169 714 366 762 speramus
389 726 432 750 eo
449 726 532 750 rem
548 723 771 757 venturam,
791 723 848 758 ut,
868 712 981 751 simul
996 723 1115 762 atque

41 777 231 815 Carmina
250 778 417 814 rescieris
439 790 508 813 nos
529 776 689 828 fingere,
719 777 952 814 commodus
972 777 1076 815 ultro

39 839 237 885 Arceffas,
269 850 307 877 et
327 853 439 891 egere
461 850 580 884 vete5‚
611 849 647 877 et
665 840 827 877 scribere
847 853 979 892 cogas.

44 905 119 942 Sed
139 914 272 942 tamen
292 905 343 942 est
363 918 490 954 operae
510 905 679 954 pretium
705 906 950 958 cognoscere,
980 903 1115 954 quales

42 967 227 1005 AEdituos
246 968 390 1006 habeat
409 968 499 1005 belli
514 969 681 1017 spectata
697 968 883 1016 domique
1038 980 1116 1019 230

42 1030 194 1075 Virtus,
224 1031 385 1084 indigno
405 1045 484 1069 non
505 1031 788 1069 committenda
803 1032 941 1081 poetae.

45 1093 194 1132 Gratus
216 1094 445 1132 Alexandro
467 1094 548 1146 regi
564 1093 715 1145 Magno
734 1093 809 1131 fuit
829 1093 893 1132 ille

43 1155 251 1202 Choerilus,
281 1157 435 1195 incultis
456 1159 521 1206 qui
542 1157 714 1195 versibus
735 1166 772 1194 et
792 1156 893 1195 male
908 1158 1009 1195 natis

49 1219 218 1258 Rettulit
238 1230 432 1270 acceptos,
461 1220 591 1273 regale
612 1220 819 1266 numisma,
850 1220 1062 1269 Philippos.

46 1284 122 1322 Sed
139 1282 259 1322 veluti
273 1287 436 1322 trac'tata
450 1295 586 1322 notam
599 1284 806 1332 labemque
820 1284 1027 1321 remittunt
1043 1296 1115 1336 235·

44 1347 302 1391 Atramenta„
331 1346 410 1385 fere
430 1347 633 1397 scriptores
654 1348 825 1385 carmine
844 1346 949 1385 foedo

46 1410 260 1460 Splendida
277 1410 380 1448 facta
399 1411 540 1449 linunt.
599 1411 713 1449 Idem
733 1424 797 1448 rex
818 1410 895 1455 ille,
925 1411 1068 1459 poe'ma

43 1474 124 1527 Qi
145 1483 228 1512 tam
249 1474 460 1512 ridiculum
483 1484 564 1512 tam
587 1488 673 1512 care
694 1474 882 1526 prodigus
903 1474 1012 1519 emit,

44 1537 182 1575 Edicto
202 1538 340 1583 vetuit,
371 1552 417 1575 ne
439 1539 524 1587 quis
544 1538 593 1583 se,
623 1547 764 1587 praeter
782 1537 984 1586 Apellem,

44 1600 244 1653 Pingeret‚
274 1611 342 1639 aut
363 1602 460 1640 alius
482 1601 656 1652 Lysippo
677 1602 838 1639 duceret
858 1614 934 1641 aera
1043 1614 1121 1651 240

46 1664 172 1702 Fortis
194 1664 413 1703 Alexandri
437 1665 593 1703 vultum
613 1665 847 1703 fimulantia.
905 1665 1026 1719 Qod
1047 1665 1074 1703 fi

43 1727 244 1777 Judicium
263 1728 401 1766 subtile
422 1728 599 1766 videndis
622 1729 770 1766 artibus
792 1728 890 1766 illud

45 1791 116 1830 Ad
136 1790 255 1828 libros
276 1800 314 1829 et
333 1792 383 1829 ad
403 1791 485 1829 haec
508 1790 712 1828 Musarum
732 1792 837 1829 dona
855 1804 1034 1836 vocares„

47 1854 230 1897 Boeotum
251 1855 290 1891 in
310 1853 427 1891 crasso
441 1855 594 1904 jurares
615 1856 702 1891 a'c're
724 1863 876 1894 natum.

44 1916 108 1955 At
126 1930 252 1966 neque
272 1917 509 1955 dedecorant
527 1927 596 1955 tua
611 1917 657 1955 de
673 1917 881 1969 sejudicia,
902 1926 1020 1965 atque
1044 1929 1118 1968 245

47 1978 228 2025 Munera,
258 1994 346 2030 quae
365 1981 493 2020 multa
512 1982 640 2019 dantis
660 1995 750 2019 cum
770 1981 886 2019 laude
909 1981 1098 2029 tulerunt,

47 2043 190 2082 Dileffi
209 2045 279 2083 tibi
300 2045 488 2098 Virgilius
508 2046 723 2095 Variusque
743 2047 868 2094 po‘e'tae
884 2060 895 2091 3

47 2107 129 2152 Nec
151 2108 278 2161 magis
299 2108 454 2160 expreffi
474 2107 606 2148 vultus
625 2122 692 2159 per
713 2109 858 2148 ahenea
880 2109 1002 2163 signa,

984 2175 1122 2228 Quam
