1235 2365
157 162 239 212 264
471 156 907 215 QHORATII

398 335 808 378 EPISTOLA
867 334 988 377 XVI.

409 458 488 497 An
543 455 982 513 QUINTIUM.

279 558 313 597 E
333 558 583 608 perconteris,
602 556 748 595 fundus
764 569 888 601 meus,
907 555 1055 606 optime
1068 553 1226 608 Quinti,

295 624 411 662 Arvo
434 622 565 671 pascat
588 622 743 668 herum,
776 635 826 660 an
861 621 989 659 baccis
1024 620 1226 671 opulentet

372 685 499 729 cline,

159 748 350 791 Pomisne,
378 760 428 784 an
447 747 581 796 pratis,
613 760 663 784 an
682 748 822 785 amicta
839 747 982 784 vitibus
1001 745 1111 784 ulmo
1128 760 1139 792 ;

159 812 358 849 Scribetur
376 809 445 846 tibi
465 808 594 846 forma
612 809 829 857 loquaciter
849 818 887 847 et
906 809 997 846 situs
1017 808 1116 861 agri.

157 873 343 911 Continui
364 882 528 916 montes,
557 873 594 909 ni
617 871 859 910 dissocientur
875 885 999 921 opaca
1203 883 1225 920 ς·

156 936 294 973 Valle:
324 936 388 973 sed
411 945 451 973 ut
471 935 626 972 veniens
647 936 828 973 dextrum
847 934 949 972 latus
969 935 1127 983 aspiciat
1145 933 1225 981 Sol,

158 997 324 1036 Laevum
345 999 534 1035 decedens
555 1011 672 1035 curru
691 996 865 1049 fugiente
885 1005 1059 1046 vaporet.

155 1061 407 1111 Temperiem
426 1061 577 1100 laudes.
634 1062 744 1116 Qid
762 1062 774 1098 ?
793 1060 818 1097 fi
833 1061 1052 1098 rubicunda
1065 1057 1226 1111 benigni

125 1128 129 1130 ’
155 1126 288 1164 corna
306 1140 441 1176 vepres
461 1136 498 1163 et
518 1138 644 1175 pruna
658 1124 811 1162 ferant?
839 1123 865 1160 s1
885 1136 1064 1172 quercus,
1093 1131 1132 1160 et
1150 1121 1224 1159 ilex

156 1188 286 1226 Multa
302 1187 415 1241 fruge
431 1202 561 1237 pecu5‚
579 1187 705 1225 multa
721 1187 1049 1236 dominumjuvet
1062 1185 1235 1233 umbra?

155 1250 277 1288 Dicas
298 1253 510 1289 adductum
529 1251 687 1299 propius
706 1249 886 1287 frondere
906 1248 1141 1286 Tarentum.

159 1313 261 1351 Fons
282 1314 399 1350 etiam
418 1313 502 1350 rivo
523 1314 614 1350 dare
634 1325 777 1350 nomen
797 1312 972 1357 idoneus,
1001 1322 1045 1349 ut
1065 1325 1134 1348 nec

158 1377 352 1428 Frigidior
372 1375 571 1413 Thracam
585 1389 654 1412 nec
676 1375 809 1424 purior
829 1374 975 1412 ambiat
995 1374 1170 1419 Hebrus,

159 1438 323 1475 Infirmo
344 1438 459 1486 capiti
481 1437 565 1474 fluit
585 1437 703 1482 utilis,
732 1436 835 1474 utilis
856 1436 957 1474 alvo.

157 1502 232 1539 Hae
251 1502 409 1539 latebrae
430 1501 577 1544 dulces,
606 1501 724 1537 etiam
744 1500 787 1543 (fi
808 1500 948 1549 credis)
966 1512 1142 1544 amoenae,
1177 1512 1222 1550 ις

158 1564 403 1602 Incolumem
424 1564 491 1601 tibi
511 1577 572 1600 me
593 1562 772 1612 prxstant
795 1563 1086 1612 Septembribus
1104 1563 1223 1600 horis.

154 1626 219 1664 Tu
240 1630 337 1665 recte
352 1627 462 1671 vivis,
494 1627 518 1663 fi
541 1639 652 1664 curas
673 1625 741 1663 effe
767 1627 873 1674 quod
893 1626 1017 1664 audis.

152 1691 350 1738 jaftamus
364 1689 600 1740 jampridem
623 1689 748 1726 omnis
767 1699 805 1727 te
827 1685 957 1726 Rom-‘i
975 1691 1134 1728 beatum
1150 1704 1160 1727 :

155 1753 233 1790 Sed
250 1766 399 1796 vereor,
428 1765 474 1789 ne
496 1753 555 1789 cui
577 1752 624 1788 de
641 1762 678 1789 te
698 1751 784 1800 plus
805 1765 924 1800 quam
944 1753 1014 1790 tibi
1033 1753 1194 1797 credas;

152 1816 260 1853 Neve
281 1825 391 1864 putes
411 1815 532 1852 alium
551 1815 720 1862 sapiente
738 1816 918 1863 bonoque
938 1817 1098 1854 beatum
1115 1831 1126 1862 ς
1172 1828 1222 1855 20

154 1878 254 1921 Neu,
284 1878 309 1913 sl
331 1888 366 1914 te
388 1878 552 1926 populus
572 1877 706 1914 sanum
727 1880 902 1925 reeteque
917 1877 1113 1916 valentem

152 1941 328 1984 Diftitct,
358 1941 554 1978 occuitam
573 1940 721 1978 febrem
741 1941 808 1978 sub
828 1950 982 1990 tempus
1002 1942 1141 1979 edendi

154 2002 391 2047 Dissimules,
421 2004 543 2041 donec
564 2004 743 2040 manibus
759 2013 907 2042 tremor
922 2005 1068 2043 incidat
1082 2006 1229 2044 unctis-1

158 2065 377 2105 Stultorum
398 2067 574 2105 incurata
592 2066 720 2116 pudor
740 2066 868 2105 malus
887 2066 1019 2108 ulcera
1038 2067 1151 2108 celat.

1180 2131 1221 2170 Si
