1235 2365
224 146 635 189 GARMINUM
681 148 886 187 L1n.111.

293 324 639 366 CARMEN
698 325 816 366 XIV.

209 459 275 498 DE
327 458 554 497 REDITU
599 459 882 500 AUGUSTI.

144 576 331 614 Encums
353 576 431 613 ritu
451 576 570 613 modo
592 576 727 621 dietus,
757 577 780 614 ὁ
801 576 926 626 plebs,

25 690 26 694 Ἰ
172 641 301 679 Morte
320 641 498 678 venalem
519 639 660 689 petiisse
679 640 853 688 laurum,

25 738 26 743 ,
65 706 170 751 aesar‚
202 704 381 753 Hispana
400 705 539 754 repetit
560 705 722 743 Penates

243 770 376 807 Vie'tor
397 771 444 807 ab
465 783 545 808 ora.

22 842 36 885 γ’
73 832 161 871 nico
180 833 354 884 gaudens
374 833 514 871 mulier
534 833 676 871 marito

31 897 214 941 Prodeat,
238 896 347 946 justis
369 906 530 945 operata
550 897 662 936 Divis
682 914 694 944 ;

33 960 89 998 Et
106 960 212 998 sorm-
229 958 323 997 clari
344 960 479 1005 ducis;
509 970 547 998 et
566 962 717 1002 decorae

198 1023 380 1073 Supplice
399 1025 499 1062 vitta

27 1076 29 1118 Ι
75 1087 248 1140 irginum
268 1096 426 1131 matres,
450 1088 719 1138 juvenumque
738 1103 861 1140 nuper

37 1149 247 1198 Sospitum.
304 1150 423 1186 Vos
404 1163 429 1187 o
449 1151 572 1198 pueri,
602 1160 639 1188 et
659 1152 795 1201 puellae

36 1213 126 1263 Jam
146 1211 275 1248 virum
297 1222 472 1260 expertae,
502 1212 604 1251 male
623 1215 805 1252 ominatis

196 1273 344 1312 Parcite
364 1276 504 1312 verbis.

28 1334 122 1376 Hie
142 1337 236 1382 dies,
265 1350 356 1375 vere
377 1338 473 1376 mihi
491 1338 622 1385 festus,
651 1350 756 1379 atras

41 1400 200 1439 Eximet
219 1414 355 1438 curas:
386 1414 462 1452 ego
479 1414 550 1439 nec
569 1403 803 1449 tumultum,

32 1462 124 1505 Nec
146 1464 245 1501 mori
266 1477 334 1512 per
354 1464 435 1501 vim
456 1474 645 1511 metuam,
675 1476 828 1505 tenente

32 1524 33 1530 ¹
205 1526 354 1564 Caesare
374 1536 509 1565 terras.
696 1571 698 1573 ¹

5 1605 10 1617 ¹
46 1593 82 1638 1,
111 1601 197 1642 pete
217 1601 478 1642 unguentum,
508 1606 617 1641 puer,
646 1603 684 1631 et
703 1608 881 1642 coronas,

34 1646 103 1693 Et
122 1655 265 1692 cadum
286 1653 404 1691 Marfi
425 1667 641 1693 memorem
662 1658 807 1703 duelli3

34 1719 282 1768 Spartacum
304 1716 330 1753 fi
351 1730 429 1765 qua
448 1719 576 1766 potuit
595 1715 808 1772 vagantem

36 1783 37 1786 ’
210 1779 359 1817 Fallere
379 1781 485 1819 testa.

33 1843 130 1882 Die
152 1853 190 1881 et
210 1854 357 1896 argutae
377 1855 558 1894 properet
578 1846 725 1885 Neaerae

0 1923 17 1948 ι
35 1894 38 1911 ⁵
53 1905 285 1955 Myrrheum
306 1908 408 1945 nodo
429 1908 606 1947 cohibere
626 1910 794 1949 crinem:

35 1958 39 2001 ’ν
57 1969 94 2007 Si
114 1983 183 2019 per
201 1970 365 2008 invisum
385 1984 496 2009 mora
510 1973 722 2023 janitorem

221 2033 318 2081 Fiet,
348 2035 465 2073 abito.

561 2099 604 2136 H

1058 1165 1105 1192 Ie

1064 1485 1109 1524 15

1069 1801 1120 1829 2&

1009 2105 1126 2145 Lenit
