<?xml version="1.0" encoding="UTF-8"?>
<!DOCTYPE html PUBLIC "-//W3C//DTD XHTML 1.0 Transitional//EN"
    "http://www.w3.org/TR/xhtml1/DTD/xhtml1-transitional.dtd">
<html xmlns="http://www.w3.org/1999/xhtml" xml:lang="en" lang="en">
 <head>
  <title>
</title>
<meta http-equiv="Content-Type" content="text/html;charset=utf-8" />
  <meta name='ocr-system' content='tesseract 3.04.00' />
  <meta name='ocr-capabilities' content='ocr_page ocr_carea ocr_par ocr_line ocrx_word'/>
</head>
<body>
  <div class='ocr_page' id='page_1' title='image "./operaomniaadopti00horauoft_0122.png"; bbox 0 0 1235 2365; ppageno 0'>
   <div class='ocr_carea' id='block_1_1' title="bbox 52 156 795 210">
    <p class='ocr_par' dir='ltr' id='par_1_1' title="bbox 52 156 795 210">
     <span class='ocr_line' id='line_1_1' title="bbox 52 156 795 210; baseline 0.011 -20"><span class='ocrx_word' id='word_1_1' title='bbox 52 165 135 202; x_wconf 71' lang='lat'>114⁷</span> <span class='ocrx_word' id='word_1_2' title='bbox 359 156 424 210; x_wconf 78' lang='lat' dir='ltr'>Q</span> <span class='ocrx_word' id='word_1_3' title='bbox 470 157 795 198; x_wconf 73' lang='lat' dir='ltr'><strong>H&#39;ORATII</strong></span> 
     </span>
    </p>
   </div>
   <div class='ocr_carea' id='block_1_2' title="bbox 47 244 1121 489">
    <p class='ocr_par' dir='ltr' id='par_1_2' title="bbox 47 244 1121 489">
     <span class='ocr_line' id='line_1_2' title="bbox 48 244 816 299; baseline 0.01 -18"><span class='ocrx_word' id='word_1_4' title='bbox 48 244 114 282; x_wconf 86' lang='lat' dir='ltr'>Nil</span> <span class='ocrx_word' id='word_1_5' title='bbox 135 245 310 286; x_wconf 81' lang='lat' dir='ltr'>Cla-udiae</span> <span class='ocrx_word' id='word_1_6' title='bbox 326 261 405 286; x_wconf 88' lang='lat' dir='ltr'>non</span> <span class='ocrx_word' id='word_1_7' title='bbox 424 250 630 299; x_wconf 84' lang='lat' dir='ltr'>perficiunt</span> <span class='ocrx_word' id='word_1_8' title='bbox 649 264 788 289; x_wconf 89' lang='lat' dir='ltr'>manus</span> <span class='ocrx_word' id='word_1_9' title='bbox 803 266 816 297; x_wconf 83' lang='lat'><em>3</em></span> 
     </span>
     <span class='ocr_line' id='line_1_3' title="bbox 47 310 757 365; baseline 0.007 -18"><span class='ocrx_word' id='word_1_10' title='bbox 47 310 159 362; x_wconf 83' lang='lat' dir='ltr'>Qas</span> <span class='ocrx_word' id='word_1_11' title='bbox 179 321 217 349; x_wconf 86' lang='lat' dir='ltr'>et</span> <span class='ocrx_word' id='word_1_12' title='bbox 235 313 406 365; x_wconf 84' lang='lat' dir='ltr'>benigno</span> <span class='ocrx_word' id='word_1_13' title='bbox 425 314 585 351; x_wconf 86' lang='lat' dir='ltr'>numine</span> <span class='ocrx_word' id='word_1_14' title='bbox 605 315 757 364; x_wconf 80' lang='lat' dir='ltr'>Jupiter</span> 
     </span>
     <span class='ocr_line' id='line_1_4' title="bbox 100 373 1121 428; baseline 0.007 -18"><span class='ocrx_word' id='word_1_15' title='bbox 100 373 305 421; x_wconf 83' lang='lat' dir='ltr'>Defendit,</span> <span class='ocrx_word' id='word_1_16' title='bbox 334 385 372 413; x_wconf 86' lang='lat' dir='ltr'>et</span> <span class='ocrx_word' id='word_1_17' title='bbox 391 389 494 414; x_wconf 77' lang='lat' dir='ltr'>curae</span> <span class='ocrx_word' id='word_1_18' title='bbox 512 377 667 428; x_wconf 79' lang='lat' dir='ltr'>sagaces</span> <span class='ocrx_word' id='word_1_19' title='bbox 1064 386 1084 428; x_wconf 91' lang='lat'><em>7</em></span> <span class='ocrx_word' id='word_1_20' title='bbox 1088 388 1121 428; x_wconf 77' lang='lat'>5.</span> 
     </span>
     <span class='ocr_line' id='line_1_5' title="bbox 157 437 745 489; baseline 0.003 -14"><span class='ocrx_word' id='word_1_21' title='bbox 157 437 388 487; x_wconf 65' lang='lat' dir='ltr'>ExpedIunu</span> <span class='ocrx_word' id='word_1_22' title='bbox 400 453 470 489; x_wconf 86' lang='lat' dir='ltr'>per</span> <span class='ocrx_word' id='word_1_23' title='bbox 488 449 604 479; x_wconf 83' lang='lat' dir='ltr'>acuta</span> <span class='ocrx_word' id='word_1_24' title='bbox 621 439 745 479; x_wconf 60' lang='lat' dir='ltr'>belli„</span> 
     </span>
    </p>
   </div>
   <div class='ocr_carea' id='block_1_3' title="bbox 354 633 831 674">
    <p class='ocr_par' dir='ltr' id='par_1_3' title="bbox 354 633 831 674">
     <span class='ocr_line' id='line_1_6' title="bbox 354 633 831 674; baseline 0 0"><span class='ocrx_word' id='word_1_25' title='bbox 354 633 514 674; x_wconf 69' lang='lat' dir='ltr'>CAR</span> <span class='ocrx_word' id='word_1_26' title='bbox 543 634 712 674; x_wconf 77' lang='lat' dir='ltr'>M&#39;EN</span> <span class='ocrx_word' id='word_1_27' title='bbox 770 635 831 674; x_wconf 91' lang='lat' dir='ltr'>V.&#39;</span> 
     </span>
    </p>
   </div>
   <div class='ocr_carea' id='block_1_4' title="bbox 285 769 894 809">
    <p class='ocr_par' dir='ltr' id='par_1_4' title="bbox 285 769 894 809">
     <span class='ocr_line' id='line_1_7' title="bbox 285 769 894 809; baseline 0.002 -3"><span class='ocrx_word' id='word_1_28' title='bbox 285 770 356 807; x_wconf 83' lang='lat' dir='ltr'>AD</span> <span class='ocrx_word' id='word_1_29' title='bbox 415 769 894 809; x_wconf 75' lang='lat' dir='ltr'>AUGUSTUM:</span> 
     </span>
    </p>
   </div>
   <div class='ocr_carea' id='block_1_5' title="bbox 176 873 1026 996">
    <p class='ocr_par' dir='ltr' id='par_1_5' title="bbox 176 873 993 978">
     <span class='ocr_line' id='line_1_8' title="bbox 176 873 888 922; baseline 0.006 -13"><span class='ocrx_word' id='word_1_30' title='bbox 176 873 218 909; x_wconf 75' lang='lat' dir='ltr'>Iv</span> <span class='ocrx_word' id='word_1_31' title='bbox 228 885 258 908; x_wconf 72' lang='grc' dir='ltr'>ιε</span> <span class='ocrx_word' id='word_1_32' title='bbox 280 882 363 909; x_wconf 72' lang='lat' dir='ltr'>otte</span> <span class='ocrx_word' id='word_1_33' title='bbox 382 873 508 917; x_wconf 73' lang='lat' dir='ltr'>bonis,</span> <span class='ocrx_word' id='word_1_34' title='bbox 538 874 684 922; x_wconf 79' lang='lat' dir='ltr'>optime</span> <span class='ocrx_word' id='word_1_35' title='bbox 707 874 888 914; x_wconf 79' lang='lat' dir='ltr'>Romulae</span> 
     </span>
     <span class='ocr_line' id='line_1_9' title="bbox 199 925 1026 996; baseline 0.005 -33"><span class='ocrx_word' id='word_1_36' title='bbox 199 925 336 963; x_wconf 84' lang='lat' dir='ltr'>Custos</span> <span class='ocrx_word' id='word_1_37' title='bbox 356 927 498 978; x_wconf 82' lang='lat' dir='ltr'>gentis,</span> <span class='ocrx_word' id='word_1_38' title='bbox 529 929 647 964; x_wconf 84' lang='lat' dir='ltr'>abes</span> <span class='ocrx_word' id='word_1_39' title='bbox 634 941 719 978; x_wconf 79' lang='lat' dir='ltr'>Jam</span> <span class='ocrx_word' id='word_1_40' title='bbox 738 929 905 967; x_wconf 84' lang='lat' dir='ltr'>nimium</span> <span class='ocrx_word' id='word_1_41' title='bbox 926 927 1026 996; x_wconf 78' lang='grc' dir='ltr'>ὀὶιι·</span> 
     </span>
    </p>
   </div>
   <div class='ocr_carea' id='block_1_6' title="bbox 55 987 1147 1993">
    <p class='ocr_par' dir='ltr' id='par_1_6' title="bbox 55 987 1147 1993">
     <span class='ocr_line' id='line_1_10' title="bbox 55 987 854 1040; baseline 0.008 -16"><span class='ocrx_word' id='word_1_42' title='bbox 55 987 261 1026; x_wconf 84' lang='lat' dir='ltr'>Maturum</span> <span class='ocrx_word' id='word_1_43' title='bbox 281 990 453 1027; x_wconf 81' lang='lat' dir='ltr'>reditum</span> <span class='ocrx_word' id='word_1_44' title='bbox 474 989 669 1040; x_wconf 83' lang='lat' dir='ltr'>pollicitus</span> <span class='ocrx_word' id='word_1_45' title='bbox 691 991 854 1030; x_wconf 87' lang='lat' dir='ltr'>Patrum</span> 
     </span>
     <span class='ocr_line' id='line_1_11' title="bbox 164 1051 628 1097; baseline 0.007 -10.007"><span class='ocrx_word' id='word_1_46' title='bbox 164 1051 303 1088; x_wconf 68' lang='lat' dir='ltr'>Sanfto</span> <span class='ocrx_word' id='word_1_47' title='bbox 324 1052 503 1097; x_wconf 82' lang='lat' dir='ltr'>concilio,</span> <span class='ocrx_word' id='word_1_48' title='bbox 533 1053 628 1091; x_wconf 87' lang='lat' dir='ltr'>redi.</span> 
     </span>
     <span class='ocr_line' id='line_1_12' title="bbox 55 1113 1119 1169; baseline 0.007 -18"><span class='ocrx_word' id='word_1_49' title='bbox 55 1113 207 1152; x_wconf 73' lang='lat' dir='ltr'>Lucem</span> <span class='ocrx_word' id='word_1_50' title='bbox 226 1115 345 1152; x_wconf 79' lang='lat' dir='ltr'>redde</span> <span class='ocrx_word' id='word_1_51' title='bbox 366 1124 457 1160; x_wconf 69' lang='lat' dir='ltr'>tuae,</span> <span class='ocrx_word' id='word_1_52' title='bbox 487 1117 564 1153; x_wconf 85' lang='lat' dir='ltr'>dux</span> <span class='ocrx_word' id='word_1_53' title='bbox 579 1118 695 1162; x_wconf 86' lang='lat' dir='ltr'>bone,</span> <span class='ocrx_word' id='word_1_54' title='bbox 714 1118 858 1166; x_wconf 70' lang='lat' dir='ltr'>,patriae</span> <span class='ocrx_word' id='word_1_55' title='bbox 876 1133 885 1157; x_wconf 72' lang='grc' dir='ltr'><strong>ε</strong></span> <span class='ocrx_word' id='word_1_56' title='bbox 904 1153 907 1156; x_wconf 74' lang='grc'>,</span> <span class='ocrx_word' id='word_1_57' title='bbox 1096 1130 1119 1169; x_wconf 88' lang='grc'><em>5</em></span> 
     </span>
     <span class='ocr_line' id='line_1_13' title="bbox 57 1176 790 1223; baseline 0.005 -9"><span class='ocrx_word' id='word_1_58' title='bbox 57 1176 182 1214; x_wconf 87' lang='lat' dir='ltr'>Instar</span> <span class='ocrx_word' id='word_1_59' title='bbox 198 1179 296 1214; x_wconf 78' lang='lat' dir='ltr'>veris</span> <span class='ocrx_word' id='word_1_60' title='bbox 318 1178 434 1223; x_wconf 86' lang='lat' dir='ltr'>enim,</span> <span class='ocrx_word' id='word_1_61' title='bbox 463 1178 595 1216; x_wconf 84' lang='lat' dir='ltr'>vultus</span> <span class='ocrx_word' id='word_1_62' title='bbox 615 1180 680 1218; x_wconf 83' lang='lat' dir='ltr'>ubi</span> <span class='ocrx_word' id='word_1_63' title='bbox 700 1189 790 1218; x_wconf 84' lang='lat' dir='ltr'>tuus</span> 
     </span>
     <span class='ocr_line' id='line_1_14' title="bbox 57 1241 736 1294; baseline 0 -15"><span class='ocrx_word' id='word_1_64' title='bbox 57 1241 221 1279; x_wconf 77' lang='lat' dir='ltr'>Affulfit</span> <span class='ocrx_word' id='word_1_65' title='bbox 237 1241 397 1291; x_wconf 83' lang='lat' dir='ltr'>populo,</span> <span class='ocrx_word' id='word_1_66' title='bbox 427 1242 576 1294; x_wconf 83' lang='lat' dir='ltr'>gratior</span> <span class='ocrx_word' id='word_1_67' title='bbox 592 1243 622 1280; x_wconf 90' lang='lat' dir='ltr'>it</span> <span class='ocrx_word' id='word_1_68' title='bbox 641 1243 736 1288; x_wconf 86' lang='lat' dir='ltr'>dies,</span> 
     </span>
     <span class='ocr_line' id='line_1_15' title="bbox 163 1303 641 1342; baseline 0 -1"><span class='ocrx_word' id='word_1_69' title='bbox 163 1304 218 1342; x_wconf 79' lang='lat' dir='ltr'>Et</span> <span class='ocrx_word' id='word_1_70' title='bbox 236 1303 330 1341; x_wconf 81' lang='lat' dir='ltr'>soles</span> <span class='ocrx_word' id='word_1_71' title='bbox 351 1304 490 1341; x_wconf 79' lang='lat' dir='ltr'>melius</span> <span class='ocrx_word' id='word_1_72' title='bbox 504 1305 641 1342; x_wconf 85' lang='lat' dir='ltr'><strong>nitent.</strong></span> 
     </span>
     <span class='ocr_line' id='line_1_16' title="bbox 58 1367 919 1419; baseline 0.001 -12"><span class='ocrx_word' id='word_1_73' title='bbox 58 1369 115 1407; x_wconf 92' lang='lat' dir='ltr'>Ut</span> <span class='ocrx_word' id='word_1_74' title='bbox 135 1377 261 1406; x_wconf 72' lang='lat' dir='ltr'>mater</span> <span class='ocrx_word' id='word_1_75' title='bbox 275 1370 476 1419; x_wconf 86' lang='lat' dir='ltr'>juvenem,</span> <span class='ocrx_word' id='word_1_76' title='bbox 506 1380 623 1416; x_wconf 88' lang='lat' dir='ltr'>quem</span> <span class='ocrx_word' id='word_1_77' title='bbox 644 1367 771 1406; x_wconf 87' lang='lat' dir='ltr'>Notus</span> <span class='ocrx_word' id='word_1_78' title='bbox 788 1368 919 1408; x_wconf 76' lang='lat' dir='ltr'>invido</span> 
     </span>
     <span class='ocr_line' id='line_1_17' title="bbox 59 1431 1125 1481; baseline 0.001 -11"><span class='ocrx_word' id='word_1_79' title='bbox 59 1432 175 1472; x_wconf 68' lang='lat' dir='ltr'>Flam</span> <span class='ocrx_word' id='word_1_80' title='bbox 195 1431 405 1481; x_wconf 75' lang='lat' dir='ltr'>Carpathii,</span> <span class='ocrx_word' id='word_1_81' title='bbox 416 1439 525 1468; x_wconf 82' lang='lat' dir='ltr'>trans</span> <span class='ocrx_word' id='word_1_82' title='bbox 547 1432 665 1469; x_wconf 83' lang='lat' dir='ltr'>maris</span> <span class='ocrx_word' id='word_1_83' title='bbox 689 1444 849 1479; x_wconf 74' lang='lat' dir='ltr'>aequora</span> <span class='ocrx_word' id='word_1_84' title='bbox 1079 1445 1125 1472; x_wconf 86' lang='lat'>10</span> 
     </span>
     <span class='ocr_line' id='line_1_18' title="bbox 60 1494 778 1547; baseline -0.001 -13"><span class='ocrx_word' id='word_1_85' title='bbox 60 1497 319 1534; x_wconf 59' lang='lat' dir='ltr'>Cunetantem</span> <span class='ocrx_word' id='word_1_86' title='bbox 339 1495 462 1545; x_wconf 89' lang='lat' dir='ltr'>spatio</span> <span class='ocrx_word' id='word_1_87' title='bbox 475 1494 632 1547; x_wconf 82' lang='lat' dir='ltr'>longius</span> <span class='ocrx_word' id='word_1_88' title='bbox 649 1508 778 1533; x_wconf 78' lang='lat' dir='ltr'>annuo</span> 
     </span>
     <span class='ocr_line' id='line_1_19' title="bbox 167 1558 654 1604; baseline 0 -8"><span class='ocrx_word' id='word_1_89' title='bbox 167 1558 290 1596; x_wconf 79' lang='lat' dir='ltr'><strong>Dulci</strong></span> <span class='ocrx_word' id='word_1_90' title='bbox 310 1558 461 1596; x_wconf 86' lang='lat' dir='ltr'>distinet</span> <span class='ocrx_word' id='word_1_91' title='bbox 476 1572 499 1596; x_wconf 89' lang='lat' dir='ltr'>a</span> <span class='ocrx_word' id='word_1_92' title='bbox 519 1559 654 1604; x_wconf 86' lang='lat' dir='ltr'>domo,</span> 
     </span>
     <span class='ocr_line' id='line_1_20' title="bbox 59 1622 905 1674; baseline 0.002 -14"><span class='ocrx_word' id='word_1_93' title='bbox 59 1624 187 1668; x_wconf 85' lang='lat' dir='ltr'>Votis,</span> <span class='ocrx_word' id='word_1_94' title='bbox 207 1622 490 1674; x_wconf 85' lang='lat' dir='ltr'>ominibusque,</span> <span class='ocrx_word' id='word_1_95' title='bbox 519 1632 557 1660; x_wconf 90' lang='lat' dir='ltr'>et</span> <span class='ocrx_word' id='word_1_96' title='bbox 576 1623 754 1673; x_wconf 86' lang='lat' dir='ltr'>precibus</span> <span class='ocrx_word' id='word_1_97' title='bbox 774 1632 905 1670; x_wconf 77' lang='lat' dir='ltr'>vocat,</span> 
     </span>
     <span class='ocr_line' id='line_1_21' title="bbox 64 1686 828 1734; baseline 0.003 -8"><span class='ocrx_word' id='word_1_98' title='bbox 64 1689 197 1726; x_wconf 85' lang='lat' dir='ltr'>Curvo</span> <span class='ocrx_word' id='word_1_99' title='bbox 216 1701 286 1725; x_wconf 88' lang='lat' dir='ltr'>nec</span> <span class='ocrx_word' id='word_1_100' title='bbox 302 1686 443 1725; x_wconf 83' lang='lat' dir='ltr'>faciem</span> <span class='ocrx_word' id='word_1_101' title='bbox 463 1687 577 1726; x_wconf 88' lang='lat' dir='ltr'>litore</span> <span class='ocrx_word' id='word_1_102' title='bbox 597 1688 806 1734; x_wconf 76' lang='lat' dir='ltr'>demovet5</span> <span class='ocrx_word' id='word_1_103' title='bbox 825 1725 828 1728; x_wconf 90' lang='lat'>.</span> 
     </span>
     <span class='ocr_line' id='line_1_22' title="bbox 65 1751 1147 1804; baseline 0.001 -14"><span class='ocrx_word' id='word_1_104' title='bbox 65 1753 126 1792; x_wconf 82' lang='lat' dir='ltr'>Sic</span> <span class='ocrx_word' id='word_1_105' title='bbox 142 1751 338 1791; x_wconf 83' lang='lat' dir='ltr'>defideriis</span> <span class='ocrx_word' id='word_1_106' title='bbox 359 1752 436 1789; x_wconf 69' lang='lat' dir='ltr'>ie‘ta.</span> <span class='ocrx_word' id='word_1_107' title='bbox 448 1751 629 1790; x_wconf 81' lang='lat' dir='ltr'>fidelibus</span> <span class='ocrx_word' id='word_1_108' title='bbox 1081 1764 1147 1804; x_wconf 70' lang='lat'>155,</span> 
     </span>
     <span class='ocr_line' id='line_1_23' title="bbox 172 1815 701 1868; baseline 0.002 -15"><span class='ocrx_word' id='word_1_109' title='bbox 172 1815 330 1868; x_wconf 70' lang='lat' dir='ltr'>Qaerit</span> <span class='ocrx_word' id='word_1_110' title='bbox 350 1815 479 1865; x_wconf 83' lang='lat' dir='ltr'>patria</span> <span class='ocrx_word' id='word_1_111' title='bbox 497 1815 701 1854; x_wconf 85' lang='lat' dir='ltr'>Caesarem.</span> 
     </span>
     <span class='ocr_line' id='line_1_24' title="bbox 63 1877 847 1928; baseline 0.001 -13"><span class='ocrx_word' id='word_1_112' title='bbox 63 1878 194 1916; x_wconf 78' lang='lat' dir='ltr'>Tutus</span> <span class='ocrx_word' id='word_1_113' title='bbox 214 1880 283 1916; x_wconf 91' lang='lat' dir='ltr'>bos</span> <span class='ocrx_word' id='word_1_114' title='bbox 303 1879 447 1917; x_wconf 88' lang='lat' dir='ltr'>etenim</span> <span class='ocrx_word' id='word_1_115' title='bbox 466 1891 559 1917; x_wconf 84' lang='lat' dir='ltr'>rura</span> <span class='ocrx_word' id='word_1_116' title='bbox 577 1877 847 1928; x_wconf 86' lang='lat' dir='ltr'>perambulat:</span> 
     </span>
     <span class='ocr_line' id='line_1_25' title="bbox 64 1941 903 1993; baseline 0.004 -12"><span class='ocrx_word' id='word_1_117' title='bbox 64 1942 200 1982; x_wconf 65' lang='lat' dir='ltr'>Nutrjt</span> <span class='ocrx_word' id='word_1_118' title='bbox 219 1955 310 1980; x_wconf 80' lang='lat' dir='ltr'>rura</span> <span class='ocrx_word' id='word_1_119' title='bbox 329 1942 460 1989; x_wconf 83' lang='lat' dir='ltr'>Ceres,</span> <span class='ocrx_word' id='word_1_120' title='bbox 488 1941 671 1993; x_wconf 77' lang='lat' dir='ltr'>almaque</span> <span class='ocrx_word' id='word_1_121' title='bbox 691 1942 878 1984; x_wconf 76' lang='lat' dir='ltr'>Faustitas</span> <span class='ocrx_word' id='word_1_122' title='bbox 894 1959 903 1984; x_wconf 95' lang='lat'><strong>:</strong></span> 
     </span>
    </p>
   </div>
   <div class='ocr_carea' id='block_1_7' title="bbox 948 2004 1158 2045">
    <p class='ocr_par' dir='ltr' id='par_1_7' title="bbox 948 2004 1158 2045">
     <span class='ocr_line' id='line_1_26' title="bbox 948 2004 1158 2045; baseline 0.005 -1"><span class='ocrx_word' id='word_1_123' title='bbox 948 2004 1135 2045; x_wconf 62' lang='lat' dir='ltr'>pacatam</span> <span class='ocrx_word' id='word_1_124' title='bbox 1154 2038 1158 2041; x_wconf 93' lang='lat'>.</span> 
     </span>
    </p>
   </div>
   <div class='ocr_carea' id='block_1_8' title="bbox 1135 0 1235 2365">
    <p class='ocr_par' dir='ltr' id='par_1_8' title="bbox 1135 0 1235 2365">
     <span class='ocr_line' id='line_1_27' title="bbox 1135 0 1235 2365; baseline 0 0"><span class='ocrx_word' id='word_1_125' title='bbox 1135 0 1235 2365; x_wconf 95' lang='lat' dir='ltr'> </span> 
     </span>
    </p>
   </div>
  </div>
 </body>
</html>
