1235 2365
108 124 187 164 168
401 122 474 176 Q
506 119 836 160 HORATII

109 215 256 256 Omnia
277 227 424 267 magna
452 213 646 265 loquens;
675 215 812 262 modo,
851 215 908 256 Sit
926 217 1023 256 mihi
1042 219 1174 261 mensa

267 280 404 329 tripes,
433 288 472 317 et

112 343 276 399 Concha
292 343 378 382 salis
397 343 500 394 puri,
527 353 565 382 et
582 354 692 397 toga,
708 357 794 394 quae
808 344 1016 385 defendere
1034 346 1176 401 frigus,

103 408 298 462 Qamvis
313 407 444 453 crassa,
460 418 592 457 queat.
609 409 749 447 Decies
763 419 926 449 centena
941 410 1101 450 dediffes
1126 423 1172 465 ις
1217 427 1218 431 ’

102 471 211 510 Huic
232 485 366 522 parco,
393 473 528 521 paucis
548 483 758 520 content03
787 475 961 524 quinque
981 476 1117 515 diebus
1141 510 1144 512 .

101 535 170 574 Nil
190 545 273 574 erat
287 536 489 575 inlocalis.
546 536 686 575 Nostes
706 538 898 589 vigilabat
917 540 968 577 ad
989 540 1115 589 ipsum

100 603 245 641 Mane:
277 603 381 640 diem
401 612 531 640 totum
552 602 744 640 stertebat.
801 603 868 642 Nil
879 603 955 641 fuit
974 607 1154 653 unquarh
1178 599 1190 643 ³.

104 670 164 707 Sic
184 669 312 717 impar
331 668 411 705 fibi.
443 668 557 704 Nunc
574 668 715 716 aliquis
731 669 836 706 dicat
849 669 959 713 mihi,
975 670 1087 724 Qid
1103 670 1171 709 tu?

103 731 273 771 Nullane
286 731 404 768 habes
414 731 524 768 vitia?
538 731 626 768 Imo
640 731 728 775 alia,
736 740 774 768 et
787 730 942 770 fortasse
955 733 1180 773 minora.2o

105 795 274 835 Maenius
289 794 665 833 absentemNovium
678 809 769 834 cum
782 805 975 846 carperet:
991 796 1105 835 Heus
1118 806 1176 844 tu,

108 859 288 912 Qidarn
301 859 368 903 ait,
389 859 545 910 ignoras
567 868 620 903 te,
633 872 682 896 an
695 869 740 897 ut
759 859 941 911 ignotum
954 860 1047 898 dare
1065 862 1178 899 nobis

106 924 239 961 Verba
254 932 367 972 putas
383 923 394 960 ?
409 923 583 974 Egomet
600 925 653 959 mi
671 923 842 975 ignosco,
856 923 1020 963 Maenius
1037 925 1177 974 inquit.

109 986 259 1025 Stultus
273 996 310 1023 et
323 986 592 1035 improbushic
608 985 1014 1038 amorest‚dignusq›ue
1029 989 1173 1027 notari.

111 1051 216 1089 Cum
244 1059 314 1088 tua
339 1051 539 1100 pervideas
562 1049 684 1087 oculis
712 1050 818 1088 mala
841 1051 969 1101 lippus
990 1052 1178 1098 inuncti33

109 1115 192 1153 Cur
212 1115 249 1151 in
263 1114 481 1151 amicorum
502 1114 603 1150 vitiis
623 1124 706 1152 tam
721 1115 842 1151 cernis
862 1124 1039 1159 acutum,
1125 1115 1177 1154 26

111 1180 247 1233 Qam
268 1188 336 1216 aut
365 1178 510 1226 aquila,
544 1188 612 1216 aut
642 1178 793 1228 serpens
816 1179 1075 1227 Epidaurius?
1117 1178 1181 1217 At

274 1242 343 1279 tibi
364 1252 502 1278 contra

113 1305 270 1349 Evenit,
300 1305 499 1353 inquirant
518 1304 613 1342 vitia
631 1313 675 1342 ut
694 1313 763 1342 tua
782 1304 910 1342 rursus
927 1313 964 1342 et
983 1303 1052 1342 illi.

115 1369 346 1407 Iracundior
366 1368 417 1405 est
437 1368 554 1417 paulo
572 1383 579 1405 :
611 1368 740 1406 minus
760 1377 874 1418 aptus
894 1369 1019 1406 acutis

116 1434 285 1472 Naribus
305 1433 446 1470 horum
467 1421 677 1471 hominurn
694 1448 702 1470 :
731 1433 850 1470 rideri
869 1433 994 1483 possit,
1013 1447 1059 1471 eo
1074 1434 1182 1483 quod

119 1497 311 1534 Rusticius
331 1497 440 1534 tonso
461 1506 556 1548 toga
585 1496 733 1542 defluit,
763 1506 801 1534 et
814 1496 916 1534 male
935 1496 1044 1535 laxus
1130 1510 1174 1548 31

115 1561 163 1598 In
177 1561 273 1610 pede
290 1560 441 1597 calceus
461 1560 590 1598 haeret.
613 1560 673 1597 At
687 1558 737 1597 est
756 1561 896 1605 bonus,
908 1569 952 1598 ut
970 1559 1110 1598 melior
1123 1561 1184 1598 vir

117 1624 208 1662 Non
228 1624 325 1662 alius
340 1624 570 1673 quisquam:
588 1633 627 1662 at
642 1625 711 1662 tibi
733 1624 899 1662 amicus:
922 1633 962 1662 at
982 1624 1184 1677 ingenium

279 1688 414 1739 ingens

117 1749 273 1788 Inculto
292 1750 389 1788 latet
407 1751 480 1788 hoc
502 1750 570 1788 sub
593 1763 770 1800 corpore.
802 1749 986 1799 Denique
1005 1748 1183 1799 teipsum.

114 1814 306 1859 Comme,
319 1827 415 1852 num
431 1827 510 1863 qua
523 1814 592 1851 tibi
611 1814 798 1851 vitiorum
818 1813 994 1850 inseverit
1009 1813 1104 1851 olim
1124 1824 1183 1864 '35'
1230 1812 1233 1816 ’

116 1877 283 1923 Natura,
314 1887 381 1915 aut
397 1878 514 1915 etiarn
536 1877 773 1914 consuetudo
794 1876 930 1914 mala:
960 1889 1133 1926 namque

117 1942 317 1994 Negleffis
339 1942 489 1979 urenda
508 1941 586 1978 filix
607 1940 815 1978 innascitur
835 1940 952 1992 agris.

117 2005 217 2043 Illuc
238 2013 531 2054 praevertamur.
587 2004 826 2042 Amatorem
847 2003 954 2052 quod
970 2003 1106 2041 amicae

114 2067 267 2119 Turpia
287 2068 486 2118 decipiunt
500 2080 648 2107 coeeum
663 2066 771 2114 vitia,
792 2076 861 2106 aut
875 2067 992 2107 etiam
1009 2066 1087 2117 ipsa
1102 2065 1201 2104 haec-

1039 2129 1182 2169 Del-ec·—
