1235 2365
264 100 559 144 EPODON
603 99 843 142 LIBER.
1000 73 1116 155 *1241

51 204 142 244 Non
162 212 207 242 ut
225 202 407 254 superbas
427 202 564 242 invidae
585 201 840 256 Carthaginis
1095 211 1119 252 ς

105 267 311 306 Romanus
328 280 434 306 arces
453 275 583 305 ureret
599 281 610 313 ;

49 331 223 370 Intastus
243 339 312 369 aut
332 330 544 368 Britannus
565 339 610 369 ut
630 328 877 369 descenderet

103 396 220 433 Sacra
233 401 433 431 catenatus
453 392 553 431 Via:

48 457 122 495 Sed
141 465 200 502 ut,
228 455 441 494 secundum
462 464 557 492 vota
581 455 833 500 Parthorum,
861 453 930 493 sua

100 520 206 559 Urbs
225 519 308 557 haec·
328 518 471 568 periret
490 518 666 556 dextera.
1072 529 1119 557 10

43 583 182 633 Neque
200 582 262 621 hic
282 582 384 632 lupis
403 594 516 627 mos,>
532 595 602 619 nec
622 580 698 620 fuit
724 581 902 620 leonibus

96 647 288 695 Unquam
306 645 374 684 niss
395 646 433 683 in
455 645 583 696 dispar
601 644 706 684 feris.

45 708 220 748 Furorne
241 722 380 755 caecus,
409 722 460 747 an
483 710 585 759 rapit
604 709 660 747 vis
681 709 806 748 acrior
824 709 837 747 ἓ

96 772 168 810 An
188 771 304 822 culpa
321 773 333 810 ?
361 772 582 822 responsum
598 773 700 810 date.

43 835 224 881 Tacent3
256 845 293 873 et
313 849 382 873 ora
401 835 527 885 pallor
547 835 658 873 albus
679 834 816 881 inficit,
1067 846 1114 887 15

94 898 322 948 Mentesque
342 898 522 948 perculsae
544 898 707 947 stupent.

39 964 102 1003 Sic
120 964 171 1002 est
189 979 198 1002 :
230 966 370 1002 acerba
388 963 471 1001 fata
494 964 695 1002 Romanos
715 971 855 1016 agunt,

96 1028 303 1076 scelusque
323 1027 501 1065 fraternae
521 1027 623 1065 necis
640 1042 651 1071 3

0 1095 1 1098 ’
38 1092 97 1131 Ut
117 1092 358 1130 immerentis
379 1091 490 1128 fluxit
509 1091 547 1128 in
566 1100 713 1128 terram
735 1089 852 1128 Remi

91 1156 210 1197 Sacer
230 1155 438 1206 nepotibus
458 1167 586 1194 cruor.

319 1335 667 1377 CARMEN
707 1334 828 1375 V111.

148 1449 299 1488 Ocima
318 1449 441 1502 longo
460 1450 642 1500 putidam
662 1459 700 1487 te
718 1447 863 1492 seculo,

200 1515 313 1553 Vires
335 1516 431 1565 quid
451 1525 609 1553 enervet
628 1527 734 1551 meas
751 1514 763 1551 ?

31 1577 136 1616 Cum
154 1578 200 1616 fit
219 1579 288 1616 tibi
309 1580 403 1617 dens
423 1589 520 1625 ater,
550 1589 588 1617 et
615 1578 724 1631 rugis
743 1585 856 1615 vetus

89 1642 277 1680 Frontem
297 1642 464 1681 senectus
487 1652 642 1688 exaret3

32 1705 211 1754 Hietque
231 1707 354 1756 turpis
375 1708 476 1745 inter
494 1707 622 1745 aridas
642 1717 752 1747 nates
1081 1720 1107 1760 ς

82 1768 228 1814 Podex,
256 1768 366 1807 velut
385 1771 517 1808 crudae
536 1771 659 1809 bovis.

31 1831 108 1870 Sed
124 1832 259 1870 incitat
279 1846 342 1872 me
361 1837 507 1883 peetus,
537 1844 575 1873 et
595 1849 781 1876 mammae
803 1847 952 1888 putres,

85 1898 241 1946 Equina
261 1897 394 1946 quales
414 1901 535 1937 ubera
553 1915 563 1946 ;

26 1961 252 2009 Venterque
272 1961 418 2007 mollis,
447 1973 484 2001 et
503 1962 633 2003 femur
652 1966 894 2005 tumentibus

80 2023 191 2064 Exile
204 2025 301 2064 suris
320 2026 514 2066 additum.
1053 2039 1101 2067 ιο

1001 2091 1094 2131 Esto
