1235 2365
254 136 712 178 SATYRARUM
754 135 848 178 Lm.
870 137 903 176 1.
1031 138 1104 189 189

32 245 53 256 ²
67 248 135 274 um
151 234 309 288 Sagana
326 239 473 288 majore
493 235 724 275 ululantem.
763 235 894 274 Pallor
913 235 1095 286 utrasque

12 308 38 342 ,Ι
65 310 193 338 ecerat
222 300 436 338 horrendas
457 301 618 349 aspectu.
681 300 858 349 Scalpere
875 310 1022 338 terram

29 363 261 415 Unguibu5‚
292 372 329 400 et
347 362 498 411 pullam
519 362 702 400 divellere
724 362 922 400 mordicus
944 375 1090 415 agnam

17 426 261 476 ,Coeperunn
318 426 445 464 Cruor
465 426 503 463 in
522 424 658 463 fossam
679 424 875 469 confusus,
908 434 952 462 ut
971 426 1061 463 inde

2 492 5 494 ’
26 465 174 555 {Manes
193 488 390 533 elicerent,
421 488 569 525 animas
590 487 768 536 responsa
788 487 961 524 daturas.

0 553 2 556 ’
34 551 171 590 Lanea
191 562 228 590 et
249 552 393 604 effigies
414 560 510 596 erat,
543 551 666 588 altera
685 564 794 588 cerea
813 566 823 595 ;
854 551 981 601 major
1058 562 1108 601 30

24 652 27 659 ,
73 629 183 662 anea,
213 629 296 665 quae
316 615 437 665 poenis
457 615 719 664 compesceret
739 613 978 652 inferiorem.

31 678 158 717 Cerea
175 679 397 729 suppliciter
417 679 551 722 stabat,
580 678 795 722 servilibus,
825 687 948 726 utque

23 741 122 791 Jam
137 743 308 791 peritura
321 743 464 782 modis.
496 742 676 779 Hecaten
688 750 804 779 vocat
818 740 954 786 altera,
969 740 1108 780 saevam

32 805 176 842 Altera
194 805 443 855 Tisiphonen.
503 807 718 854 Serpentes,
747 814 864 853 atque
883 804 1034 842 videres

35 867 211 906 Infernas
231 882 359 907 errare
379 882 518 914 canes3
547 868 762 917 lunamque
781 869 1001 913 rubentem,
1040 865 1108 921 '33

20 931 94 970 Ne
113 931 215 970 soret
233 932 292 970 his
312 933 431 976 testis,
458 932 541 982 post
561 945 707 984 magna
725 931 845 970 latere
859 931 1076 981 sepulchra.

35 996 209 1035 Mentior
228 1007 268 1034 at
287 997 443 1046 fi-quid,
470 997 615 1037 merdis
636 1005 753 1045 caput
773 996 952 1044 inquiner
971 995 1069 1033 albis

2 1078 3 1082 ¹
35 1060 284 1105 Corvorum;
313 1069 430 1109 atque
451 1060 489 1097 in
518 1072 580 1097 me
610 1059 768 1097 veniant
796 1059 958 1096 mierum
987 1067 1107 1109 atque

16 1170 18 1176 y
195 1133 376 1160 cacatum

16 1184 172 1249 Julius,
201 1195 239 1223 et
256 1185 407 1237 fragilis
429 1184 615 1229 Pediatia,
645 1182 787 1233 furque
807 1184 1005 1222 Voranus.
1049 1196 1098 1234 39

15 1259 17 1267 ’
37 1247 201 1299 Singula
219 1249 315 1298 quid
336 1248 582 1286 memorem?
617 1261 695 1296 quo
725 1249 836 1297 pacto
869 1246 1021 1286 alterna
1052 1248 1108 1286 10-

14 1305 15 1327 }
200 1321 362 1360 quentes

13 1379 15 1393 ¹
39 1374 204 1414 Umbrae
223 1388 315 1413 cum
337 1376 490 1428 Sagana
508 1373 731 1415 resonarent
748 1375 851 1416 triste
871 1383 908 1416 et
923 1375 1106 1415 acutum?

13 1446 14 1450 ’
38 1439 174 1486 thue
192 1437 275 1487 lupi
292 1440 456 1477 barbam
475 1439 592 1476 varioe
612 1451 703 1476 cum
724 1439 837 1476 dente
857 1437 1028 1478 colubrae

38 1502 279 1540 Abdiderint
297 1501 434 1540 furtim
454 1503 580 1547 terris,
609 1511 648 1540 et
667 1503 838 1555 imagine
858 1516 969 1541 cerea

40 1563 213 1616 Largior
232 1565 364 1603 arserit
383 1565 483 1617 ignis
501 1566 513 1604 ?
541 1574 578 1602 et
598 1576 642 1603 ut
662 1578 742 1603 non
760 1565 862 1603 testis
883 1564 1028 1603 inultus

41 1626 279 1666 Horruerim
298 1642 412 1666 voces
437 1629 645 1666 Furiarum
665 1639 703 1667 et
721 1628 823 1668 fasta
842 1629 1039 1667 duarum?
1056 1639 1107 1680 45

40 1689 160 1735 Nam,
189 1691 351 1741 displosa
368 1692 478 1731 sonat
497 1701 690 1740 quantum
710 1692 846 1737 Veslca,
876 1692 1015 1742 pepedi

42 1751 193 1791 Diffiffa
209 1765 299 1792 nate
319 1755 427 1793 ficus.
484 1755 546 1793 At
565 1755 636 1793 iuae
657 1769 809 1793 currere
829 1756 867 1794 in
888 1757 1052 1795 urbem:

2 1811 7 1866 J
43 1816 217 1855 Canidiae
238 1818 385 1862 dentes,
414 1816 539 1855 altum
562 1819 722 1869 Saganae
742 1818 984 1856 caliendrum

2 1920 3 1923 Ἴ
46 1879 248 1927 Excidere‚
278 1890 396 1930 atque
414 1881 567 1926 herbas,
597 1890 715 1930 atque
736 1882 935 1920 incantata
956 1883 1110 1920 lacertis

46 1943 230 1992 Vincula,
258 1957 349 1984 cum
369 1957 515 1998 magno
535 1944 866 1996 risuquejocoque
881 1947 1044 1985 videres.
1062 1959 1113 1997 50

993 2125 1119 2166 SAT-
