1235 2365
93 141 166 178 ῳ
453 129 887 183 QHoRATu

85 225 190 262 Cum
210 237 297 262 mea
316 227 537 275 compenset
553 228 655 265 vitiis
664 230 784 274 bona3
800 229 974 278 pluribus
983 230 1082 271 hisce
1097 244 1148 286 70

83 288 139 331 (Si
160 288 278 324 modo
298 287 411 336 plura
429 290 524 327 mihi
544 291 646 328 bona
665 293 768 341 sunt)
786 293 956 339 inclinet,
985 297 1112 339 amati

86 352 124 387 Si
146 350 272 389 volet:
304 352 376 390 hac
397 352 496 406 lege,
516 354 555 392 in
574 355 722 392 trutina
740 364 906 405 ponetur
925 357 1076 396 eadem.

82 415 179 468 Qi,
200 429 248 454 ne
268 418 467 455 tuberibus
488 418 652 467 propi-iis
673 418 845 456 offendat
869 419 1056 466 amicum,

79 479 252 517 Postulat
268 495 278 525 ;
307 481 479 533 ignoscat
498 482 668 520 verrucis
688 481 803 520 illius.
857 482 1038 532 AEquurn
1058 483 1110 522 est

79 541 253 580 Peccatis
273 545 426 582 veniam
444 545 678 594 poscentem,
701 546 862 584 reddere
881 547 1022 585 rursus.
1094 560 1115 598 7
1119 561 1142 600 5

77 604 273 654 Denique,
294 616 480 654 quatenus
501 608 622 645 excidi
642 610 792 657 penitus
812 609 952 648 vitium
970 611 1063 656 irae,

77 668 227 705 Caetera
247 669 340 706 item
360 680 557 717 nequeunt
573 671 693 708 stultis
713 671 920 717 haerentia3
951 686 1019 710 cur
1039 687 1117 712 non

78 730 320 768 Ponderibus
339 732 583 781 modulisque
603 732 676 770 suis
697 735 796 770 ratio
814 734 964 773 utitur?
991 749 1051 781 ac,
1083 749 1143 774 res

74 793 135 830 Ut
155 807 316 842 quaeque
336 795 401 840 est,
430 796 484 832 ita
502 794 694 844 suppliciis
715 795 854 833 delicta,
871 799 1053 836 coercet?

77 857 117 894 Si
133 857 218 905 quis
234 871 324 895 eum
341 859 507 902 servum,
521 859 694 907 patinam
709 858 774 906 qui
787 858 1063 909 tollerejuffus,
1091 861 1141 899 80

76 919 249 957 Semesos
265 921 381 970 pisces
402 921 655 970 tepidumque
674 921 886 972 ligurrierit
900 923 979 972 jus,

75 985 124 1020 ln
140 997 253 1021 cruce
271 984 438 1036 suffigat,
461 984 644 1021 Labeone
663 983 829 1021 insanior
843 985 942 1022 inter

75 1047 195 1083 Sanos
212 1048 377 1084 dicatur.
433 1048 596 1101 Qanto
615 1047 688 1085 hoc
707 1046 885 1085 furiofius
905 1057 1022 1095 atque

71 1110 203 1161 Majus
223 1122 428 1160 peccatum
442 1112 493 1149 est
511 1113 522 1149 ?
550 1110 712 1160 paulum
733 1110 895 1159 deliquit
914 1112 1060 1149 amicus
1079 1127 1090 1157 ;

71 1178 84 1208 (
117 1175 195 1212 uod
214 1175 281 1212 nisi
301 1176 504 1218 concedas,
533 1174 891 1219 habeareinsuavis,
921 1176 1106 1213 acerbus:

73 1238 211 1283 Odisti,
241 1248 279 1276 et
298 1238 416 1291 fugis,
446 1248 489 1276 ut
509 1238 731 1275 Drusonem
752 1237 904 1274 debitor
923 1238 1004 1275 aeris
1023 1253 1033 1283 3

71 1302 152 1355 Qi
173 1301 254 1346 nisi,
283 1315 374 1339 cum
394 1300 514 1339 tristes
534 1301 671 1338 misero
690 1313 831 1352 venere
849 1299 1043 1344 Calendae‚

71 1365 311 1411 ]··Ie1·cedem‚
357 1375 426 1402 aut
463 1376 646 1402 nummos
673 1363 776 1400 unde
808 1363 911 1401 unde
943 1364 1118 1410 extricat,

231 1442 398 1473 amaras,

70 1493 249 1529 Porrecto
271 1492 412 1544 jugulo
441 1491 629 1535 historias,
658 1491 832 1540 captivus
865 1500 923 1535 ut,
953 1492 1075 1530 audit.

69 1556 311 1593 Comminxit
329 1555 470 1592 let-”tum
489 1566 618 1604 potUS‚
648 1555 827 1592 mansave
843 1554 1019 1593 catillum
1079 1569 1131 1606 90

70 1619 245 1656 Evandri
266 1619 444 1656 manibus
466 1619 604 1656 tritum
625 1618 776 1668 dejecit.
825 1618 888 1655 Ob
906 1618 1007 1656 hanc
1027 1632 1110 1657 rem

67 1683 156 1719 Aut
172 1682 338 1731 positum
352 1691 440 1719 ante
454 1695 541 1719 mea
554 1683 646 1730 quia
659 1681 811 1731 pullum
825 1682 863 1718 in
882 1691 991 1730 parte
1012 1682 1130 1720 catini

69 1746 230 1783 Sustulit
249 1745 427 1788 esuriem,
457 1746 584 1782 minus
605 1745 888 1794 hocjucundus
908 1745 1056 1782 amicus

67 1811 124 1846 Sit
144 1809 268 1846 mihi?
342 1808 405 1844 uid
426 1807 582 1851 faciam,
612 1807 637 1843 sl
661 1807 811 1844 furtum
832 1806 980 1852 fecerit,
1010 1817 1077 1845 aut
1101 1807 1127 1846 fi

65 1873 287 1911 Prodiderit
307 1870 503 1909 commiffa
520 1871 608 1915 fide,
624 1872 851 1920 sponsumve
871 1872 1024 1923 negarit
1041 1874 1053 1910 ?
1077 1885 1126 1923 95

63 1938 185 1991 Qieis
207 1937 316 1985 paria
335 1934 403 1972 effe
419 1934 496 1971 fere
513 1934 657 1983 placuit
677 1944 849 1983 peccata,
878 1934 1073 1980 laborant,

65 2006 167 2041 Cum
189 2010 348 2038 ventum
370 2001 419 2037 ad
439 2013 575 2037 verum
595 1999 644 2038 cst
663 2015 671 2037 :
702 1999 830 2038 sensus
851 2000 1052 2049 moresque
1069 2014 1127 2038 re-

225 2074 423 2117 pugnant,
475 2076 478 2079 '
971 2097 974 2099 Α

984 2125 1123 2174 Atque
