1235 2365
222 149 683 191 SATYRARUM
725 150 898 190 Lm.11.
1016 161 1091 202 215·

28 247 158 288 [nvifis
177 249 339 288 foribus.
396 249 477 288 Nec
497 263 615 295 nunc,
645 263 736 288 cum
756 264 818 288 me
838 259 953 288 vocet
971 250 1092 297 ultro,

27 312 255 351 Accedam?
283 326 332 350 an
352 313 481 362 potius
502 314 668 351 mediter
686 313 798 350 finire
819 313 971 351 dolores
993 315 1006 352 ἒ

62 376 213 421 xclufit3
231 386 406 413 revocat:
422 377 604 415 redeam?
622 377 725 421 Non,
740 376 766 413 fi
783 377 968 414 obsecret.
989 378 1094 415 Ecce

53 452 166 476 ervus
181 451 259 476 non
273 439 391 488 paulo
405 439 611 488 sapientior
626 454 635 476 :
660 439 695 476 O
710 439 814 483 here,
831 451 919 487 quae
932 453 991 476 res
1015 441 1089 490 265

26 503 104 541 Nec
124 502 289 540 modum
309 502 427 540 habet
445 515 571 551 neque
591 502 809 548 confilium,
838 503 988 541 ratione
1012 517 1095 541 mo-

186 567 316 615 doque

64 621 201 658 ractari
215 633 292 658 non
311 619 410 657 vult.
443 620 490 657 In
505 632 638 657 amore
653 618 734 658 haec
752 618 839 658 sunt
858 619 987 658 mala:
1017 619 1097 658 bel-

179 684 279 730 lum,

23 749 103 787 Pax
123 748 288 786 rursum.
346 747 447 785 Haec
468 746 494 783 fi
515 747 600 795 quis
620 746 855 796 tempestatis
878 760 998 797 prope
1013 747 1092 785 ritu

24 812 203 857 Mobilia,
233 822 270 850 et
289 825 390 849 caeca
408 811 602 849 fluitantia
621 811 735 855 sorte,
762 809 914 848 laboret

28 874 207 913 Reddere
227 884 333 912 certa
352 874 418 913 fibi
433 890 444 920 ;
474 873 595 912 nihilo
614 872 701 922 plus
718 873 894 923 explicet,
915 888 959 912 ac
975 874 1001 911 fi
1020 886 1094 925 270

26 938 196 976 Insanire
216 948 326 987 paret
346 947 452 975 certa
471 938 620 975 rati0ne
640 938 851 985 modoque.

25 1001 164 1053 Qid?
192 1014 283 1038 cum
304 1001 452 1038 Picenis
473 1013 678 1050 excerpens
698 1000 843 1037 semina
861 1000 1002 1049 pomis,

33 1064 211 1110 Gaudes,
240 1064 267 1101 fi
288 1077 487 1101 cameram
507 1063 667 1113 percusti
688 1062 804 1108 forte,
834 1077 950 1112 penes
969 1073 1006 1101 te
1029 1077 1066 1101 es
1086 1064 1099 1101 ?

26 1129 165 1183 Qid?
193 1141 284 1166 cum
303 1128 421 1165 balba
440 1128 529 1164 feris
551 1127 693 1164 annoso
713 1128 833 1163 verba
852 1126 997 1175 palato,

27 1192 266 1229 AEdificante
286 1193 389 1229 casas
412 1193 477 1240 qui
497 1191 649 1227 sanior?
678 1189 798 1227 Adde
818 1203 999 1227 cruorem
1021 1202 1068 1238 27
1073 1201 1096 1240 ς

31 1254 227 1299 sumiti-x,
256 1265 373 1303 atque
394 1255 526 1306 ignem
546 1254 680 1307 gladio
703 1253 886 1292 scrutare.
959 1253 1099 1300 Modo,

192 1319 368 1366 inquam,

29 1380 202 1420 Hellade
222 1380 406 1430 percussa,
436 1380 586 1419 Marius
607 1396 697 1420 cum
718 1382 936 1432 praecipitat
953 1381 1004 1427 se,

30 1446 205 1484 Cerritus
225 1445 329 1483 fuit?
357 1459 407 1483 an
427 1456 640 1483 commone
655 1447 820 1483 'crimine
841 1447 983 1483 mentis

29 1506 225 1548 Absolves
245 1509 460 1554 hominem,
481 1519 518 1546 et
532 1509 681 1546 sceleris
698 1510 901 1546 damnabis
919 1508 1101 1554 eundem,

31 1574 91 1610 Ex
111 1587 220 1611 more
240 1573 442 1622 imponens
463 1581 632 1625 cognata
649 1573 843 1610 vocabula
861 1574 976 1610 rebus
994 1573 1006 1610 ἓ
1027 1574 1103 1610 280

32 1638 256 1675 Libertinus
278 1647 373 1681 crat,
404 1638 470 1686 qui
490 1638 638 1674 circum
658 1637 832 1685 compita
851 1636 971 1674 siccus

33 1702 172 1739 Lautis
188 1709 303 1738 mane
318 1701 427 1738 senex
443 1701 622 1738 manibus
644 1702 839 1745 currebat,
869 1710 920 1745 et,
951 1702 1106 1746 Unum,

31 1765 143 1820 Qid
163 1774 245 1802 tam
265 1777 458 1816 magnum
476 1765 488 1802 ?
516 1764 693 1813 addens),
732 1777 857 1802 unum
878 1777 939 1802 mc
959 1764 1106 1815 surpite

198 1838 331 1874 mom,

34 1893 110 1931 Dis
131 1892 274 1929 etenim
293 1891 406 1930 facile
426 1891 491 1936 est,
521 1892 683 1936 orabat3
712 1890 825 1928 sanus
846 1891 1018 1940 utrisque

34 1956 213 1994 Auribus
229 1964 346 2003 atque
363 1954 502 1992 oculis:
524 1964 711 1998 mentem,
725 1954 793 1991 nifi
806 1954 1016 2006 litigiosu3‚
1034 1955 1109 2004 285

35 2019 244 2069 Exciperet
263 2018 464 2064 dominus,
484 2031 576 2056 cum
594 2017 792 2056 venderet.
843 2017 935 2055 Hoc
952 2030 1112 2066 quoque

204 2080 346 2134 vulgus

882 2144 1119 2195 Chrysippus
1164 2140 1176 2148 κ
