1235 2365
291 191 696 236 CA‘RMINUM
735 194 830 235 Lm.
861 191 943 234 ΙΙΙ.

193 285 284 325 Non
304 288 437 326 avium
458 288 692 338 citharaeque
712 298 850 326 cantus

86 348 279 388 Somnum
300 351 501 389 reducent.
559 352 729 389 Somnus
750 351 963 403 agrestium

85 413 206 451 Lenis
225 413 401 451 virorum
420 426 498 451 non
517 413 685 452 humiles
706 415 846 452 domos

140 476 314 521 Fastidit,
342 477 646 526 umbrosamque
667 477 809 526 ripam,

191 539 282 577 Non
302 540 495 590 Zephyris
515 541 667 593 agitata
685 540 854 589 Tempe.

84 601 382 641 Defiderantem
403 603 510 652 quod
530 603 619 641 satis
640 603 706 647 est,
733 616 861 651 neque

83 665 394 704 Tumultuosum
414 666 595 704 sollicitat
615 679 737 710 mare,

139 730 220 768 Nec
241 730 360 768 saevus
382 731 542 769 Arsturi
562 731 736 770 cadentis

192 795 383 843 Impetus,
414 804 483 833 aut
502 796 661 834 orientis
683 795 837 841 Haedi;
858 807 861 810 ⁴

83 856 175 895 Non
194 858 404 895 verberatae
424 859 616 910 grandine
638 859 774 903 vineae,

84 920 320 969 Fundusque
338 922 507 959 mendax
522 937 535 968 ;
563 923 701 960 arbore
720 934 825 959 nunc
845 933 968 970 aquas

136 983 347 1033 Culpante,
376 998 478 1022 nunc
499 986 689 1023 torrentia
709 999 826 1037 agros

196 1048 343 1092 Sidera,
372 1061 476 1085 nunc
496 1049 644 1086 hiemes
662 1049 832 1097 iniquam.

85 1111 295 1150 Contraffiba
314 1110 431 1159 pisces
454 1124 611 1159 aequora
630 1112 813 1156 sentiunt,

83 1175 198 1225 Jaffis
219 1175 257 1212 in
277 1174 403 1212 altum
424 1174 617 1213 molibus:
648 1176 725 1213 huc
745 1175 930 1225 frequens

137 1240 337 1278 Caementa
356 1238 531 1277 demittit
548 1240 748 1278 redemtor

193 1303 298 1340 Cum
316 1301 492 1347 famulis,
521 1303 780 1352 dominusque
802 1311 914 1340 terrae

87 1364 330 1405 Fastidiosus.
389 1367 466 1404 Sed
486 1367 605 1404 timor
626 1377 663 1404 et
683 1368 796 1404 minae

90 1431 291 1470 Scandunt
311 1430 450 1468 eodem
470 1443 549 1479 quo
570 1430 777 1468 dominus:
808 1442 936 1478 neque
960 1443 963 1445 ·

143 1495 315 1534 Decedit
333 1503 449 1532 aerata
467 1494 632 1538 triremi,
671 1503 709 1531 et

195 1558 282 1595 Post
301 1558 473 1606 equitem
493 1556 598 1594 sedet
617 1567 703 1594 atra
723 1569 831 1593 cura.

85 1622 222 1678 Qod,
253 1621 278 1658 fi
300 1620 499 1658 dolentem
518 1633 588 1657 nec
612 1619 808 1671 Phrygius
827 1617 941 1669 lapis,

87 1687 171 1725 Nec
191 1696 458 1734 purpurarum
480 1682 601 1720 fidere
621 1682 764 1720 clarior

91 1748 248 1789 Delinit
269 1747 372 1792 usus,
400 1760 470 1784 nee
492 1745 659 1783 Falerna

192 1811 307 1856 Vitis,
336 1809 718 1857 Achaemeniumque
738 1807 914 1856 costum3
939 1833 943 1842 .

88 1874 171 1916 Cur
189 1875 406 1914 invidendis
427 1873 611 1923 postibUS‚
642 1881 681 1910 et
699 1885 808 1910 novo

92 1940 263 1980 Sublime
283 1939 361 1977 ritu
381 1937 522 1976 moliar
539 1937 684 1974 atrium
700 1936 713 1974 ἓ

145 2004 227 2043 Cur
244 2002 346 2040 valle
365 2010 588 2052 permutem
610 2001 757 2040 Sabina

198 2066 370 2107 Divitias
389 2065 625 2118 operofiores
642 2065 658 2105 Ξ

538 2186 624 2238 3⁷3

1110 297 1162 325 20

1109 611 1175 652 25

1108 932 1158 972 30

1110 1249 1159 1290 35

1111 1566 1189 1604 4ο

1111 1880 1186 1924 45’

1028 2184 1166 2229 CAR-
