1235 2365
210 148 505 190 EPODON
551 152 788 193 LIBER.
992 160 1062 206 133

0 247 102 302 Qis
118 260 196 286 non
217 248 428 297 malarum,
457 265 553 301 quas
574 265 686 291 amor
705 266 816 292 curas
836 253 967 300 habet,

54 311 154 351 Haec
174 314 273 351 inter
292 314 557 354 obliviscitur?

0 376 122 431 Qod
136 375 163 413 fi
178 377 321 426 pudica
340 377 481 415 mulier
501 378 540 416 in
559 380 837 431 partemjuvet

51 440 234 478 Domum
250 449 368 488 atque
388 439 521 478 dulces
535 440 692 485 liberos,
1017 462 1070 498 4¹³

0 499 159 548 (Sabina
177 502 318 552 qualis,
347 512 417 541 aut
435 503 589 552 perusta
606 504 750 544 solibus

54 565 224 604 Pernicis
244 579 342 604 uxor
358 565 546 617 Appuli,)

5 630 169 669 Sacrum
186 629 342 668 vetustis
362 630 530 669 exstruat
543 630 659 683 lIgnis
678 630 828 680 focum,

61 692 164 737 Laffi
185 692 252 731 sub
274 693 489 732 adventum
508 695 581 731 viri
600 709 612 740 ;

3 751 280 805 claudensque
300 756 414 794 textis
432 757 603 795 cratibus
623 756 759 797 laetum
779 771 910 810 pecuS,
1019 780 1071 821 45

53 820 233 858 Distenta
252 820 365 859 siccet
382 822 528 865 ubera3

0 882 56 921 Et
74 882 200 921 horna
217 878 324 921 dulci
343 883 434 922 vina
448 897 630 934 promens
651 885 772 934 dolio,

57 946 192 996 Dapes
211 947 377 985 inemtas
397 957 560 997 apparet
576 963 584 985 :

5 1009 97 1049 Non
117 1024 180 1048 me
203 1010 377 1049 Lucrina
391 1012 566 1062 juverint
580 1014 799 1064 conchylia,
862 1016 865 1022 “

60 1072 236 1125 Magisve
255 1073 459 1119 rhombus,
488 1085 557 1113 aut
575 1076 686 1122 scari,
1026 1094 1073 1137 50

1 1131 48 1174 ‘Si
67 1149 165 1184 quos
187 1137 280 1174 Eois
302 1137 479 1175 intonata
498 1134 675 1177 fluetibus

59 1199 203 1238 Hiems
224 1200 274 1238 ad
293 1199 367 1238 hoc
386 1209 515 1239 vertat
534 1215 642 1240 mare
658 1218 667 1241 :

6 1264 98 1303 Non
117 1263 224 1302 Afra
241 1265 324 1302 avis
344 1258 551 1303 descendat
571 1266 610 1303 in
630 1276 809 1306 ventrem
830 1283 983 1319 meum,

63 1327 155 1365 Non
173 1337 334 1380 attagen
354 1329 511 1366 Ionicus

8 1392 239 1441 Jucundior,
269 1405 391 1440 quam
409 1391 507 1430 lefta
525 1392 573 1430 de
593 1394 847 1447 pinguiffimis
1025 1416 1077 1455 55

62 1452 183 1492 Oliva
200 1455 318 1492 ramis
339 1456 541 1501 arborum,

7 1519 98 1557 Aut
115 1518 237 1556 herba
255 1517 403 1567 lapathi
423 1529 538 1568 prata
557 1520 740 1567 amantis,
769 1532 806 1562 et
826 1527 938 1576 gravi

67 1581 208 1620 Malvae
228 1582 398 1620 salubres
421 1585 589 1633 corpori,

13 1644 88 1683 Vel
108 1658 212 1698 agna
230 1644 331 1683 festis
351 1645 444 1684 caesa
463 1646 769 1696 Terminalibus,

66 1709 142 1747 Vel
161 1709 298 1746 hoedus
321 1719 474 1759 ereptus
494 1709 602 1760 lupo.
698 1707 700 1709 ¹
1033 1722 1084 1760 60

14 1767 104 1811 Has
124 1772 222 1810 inter
240 1771 390 1822 epulas,
418 1783 463 1811 ut
477 1775 590 1825 juvat
610 1774 734 1824 pastas
754 1790 845 1817 oves

73 1836 217 1873 Videre
238 1847 491 1886 properantes
512 1837 678 1891 domum
698 1842 705 1876 !

19 1898 162 1936 Videre
182 1897 292 1937 feffos
312 1913 514 1938 vomerem
534 1901 728 1942 inversum
748 1906 866 1944 boves

72 1961 186 2000 Collo
206 1962 402 2001 trahentes
425 1963 628 2017 languido,

21 2024 243 2075 Pofitosque
262 2039 415 2072 vernas»,
445 2027 534 2066 ditis
555 2043 719 2070 examen
734 2031 890 2081 domm,
1040 2037 1090 2089 65

75 2082 237 2129 Circum
257 2091 476 2131 renidentes
497 2091 622 2130 Lares
641 2095 650 2130 !

525 2154 572 2194 Μ
993 2162 1093 2203 ΗΜἸ
