1235 2365
305 167 744 224 QHORATII
1018 186 1092 229 131

24 265 82 305 Ut
102 262 262 304 affidens
282 265 539 318 implumibus
560 268 677 320 pullis
697 270 779 310 avis

78 331 325 380 Serpentium
345 331 513 382 allapsus
534 333 650 373 timet
773 376 775 378 ,

20 392 153 447 Magis
174 394 342 440 reliffls3
370 408 465 440 non,
501 405 546 434 ut
565 397 677 444 adsit,
706 397 827 438 auxili

73 457 229 496 Latura
247 457 335 508 plus
355 458 619 508 praesentibus.

18 519 208 559 Libenter
225 521 314 567 hoc,
345 531 382 560 et
401 535 518 561 omne
538 524 774 564 militabitur

72 584 244 632 Bellum,
282 587 321 624 in
340 595 418 625 tuae
436 587 543 637 spem
562 589 701 641 gratiae
718 604 729 628 :

18 648 116 687 Non
137 650 369 701 utjuvencis
388 650 540 704 illigata
558 652 736 702 pluribus
1042 671 1092 713 25

67 711 221 751 Aratra
239 713 415 752 nitantur
436 716 531 754 meis
549 731 560 762 3

13 775 184 815 Pecusve
204 776 381 816 Calabris
401 788 491 817 ante
512 779 614 818 fidus
634 777 834 821 fervidum

70 839 236 878 Lucana
256 851 379 880 mutet
396 843 545 892 pascuis
567 860 577 882 τ

14 902 96 942 Nec
117 914 161 942 ut
180 905 332 955 superni
352 906 446 944 villa
465 908 634 947 candens
655 907 817 948 Tusculi

67 969 218 1008 Circaea
235 980 374 1024 tangat
393 973 549 1012 moenia.
1038 988 1091 1028 30

15 1029 117 1070 Satis
139 1033 329 1083 superque
349 1049 412 1073 me
432 1037 651 1089 benignitas
671 1048 741 1077 tua

70 1096 229 1136 Ditavit
247 1113 255 1136 :
286 1099 393 1136 haud
414 1113 618 1149 paravero,

16 1160 139 1215 Quod
160 1171 241 1207 aut,
272 1176 413 1200 avarus
433 1174 477 1201 ut
493 1163 697 1210 Chremes,
726 1175 831 1204 terra
849 1178 1046 1216 premam,

64 1225 285 1264 Discinftus
301 1236 369 1265 aut
388 1227 554 1277 perdam
573 1237 617 1266 ut
631 1232 766 1278 nepos.

318 1379 665 1424 CARMEN
725 1385 780 1425 ΙΙ.

259 1485 383 1524 V1TAE
418 1488 619 1526 Ruswcae
650 1488 841 1527 LAumzs.

37 1577 70 1617 4β
102 1570 251 1608 EATUS
274 1571 351 1617 ille,
383 1574 449 1622 qui
471 1572 609 1622 procul
625 1573 809 1625 negotiis,

6 1518 8 1538 ,t

7 1577 27 1661 ‘1

6 1635 11 1698 ¹4
42 1619 76 1665 .
155 1641 212 1679 Ut
227 1641 351 1689 prisca
371 1656 466 1694 gens
488 1644 734 1690 mortalium,

8 1730 13 1757 3
26 1707 182 1742 'aterna
197 1719 289 1743 rura
302 1707 426 1763 bpbus
446 1718 597 1745 exercet
617 1709 706 1754 suis,

8 1765 14 1809 ὲ),
70 1768 230 1808 Solutus
251 1772 359 1809 omni
384 1771 517 1810 fenore
535 1788 545 1818 3

52 1845 93 1870 ec
118 1833 308 1872 excitatur
329 1834 479 1873 claffico
509 1835 619 1874 miles
651 1836 767 1881 truci,
1064 1848 1090 1888 5

12 1902 17 1946 ἦ
72 1895 154 1935 Nec
176 1897 308 1935 horret
329 1899 473 1937 iratum
495 1913 602 1938 mare
621 1916 631 1945 3

23 1971 235 2009 forumque
255 1962 366 2006 vitat,
396 1972 433 2000 et
452 1963 616 2012 superba
643 1964 790 2002 civium

18 2025 21 2073 ξ
58 2025 288 2064 Potentioru
304 2040 345 2065 m
367 2026 518 2065 limina.
624 2028 627 2029 ⁷

441 2102 453 2126 1
979 2091 1090 2145 Ergo
