1235 2365
177 115 581 160 CARMINUM
637 116 835 157 Lmslv·
1015 127 1093 169 *ετ

11 218 197 260 Albanos
217 231 338 268 prope
358 227 394 256 te
414 216 526 255 lacus
707 262 710 263 ⁷

69 283 193 321 Ponet
208 294 475 320 marmoream
494 280 563 319 sub
583 278 692 318 trabe
712 279 847 319 citrea.
1039 293 1099 323 κο

9 345 103 385 Illic
124 345 297 396 plurima
316 344 476 381 naribus

67 410 202 448 Duces
222 408 365 451 thura;
394 406 570 456 lyraeque
590 415 628 444 et
650 404 919 456 Berecynthiae

15 472 269 512 Delectabere
290 470 398 507 tibiae

68 535 192 574 Mistis
214 532 468 577 carminibus,
497 545 576 571 non
595 527 672 570 'fine
693 530 832 570 fistula.

16 599 103 638 Illic
122 598 181 637 bis
200 596 311 648 pueri
331 596 393 634 die
1037 607 1092 650 23

68 662 240 705 Numen,
260 673 352 698 cum
372 659 515 697 teneris
537 658 770 712 virginibu3‚
798 667 914 698 tuum

16 725 262 769 Laudantes,
294 724 392 774 pede
413 723 583 761 candido

71 790 120 827 In
140 801 293 827 morem
318 788 468 826 Salium
490 795 550 824 ter
570 785 750 835 quatient
768 784 948 827 humum.

16 852 84 891 Me
104 866 174 891 nec
194 851 357 897 femina,
386 865 456 890 nec
477 864 576 901 puer

69 917 174 966 Jam,
193 930 265 954 nec
286 917 367 966 spes
388 916 509 955 animi
529 914 691 953 credula
709 915 859 961 mutui,
1041 927 1093 968 30

16 982 100 1021 Nec
123 991 274 1019 certare
291 982 407 1032 juvat
427 993 552 1025 mero,

71 1045 154 1083 Nec
174 1045 324 1082 vincire
345 1044 455 1082 novis
476 1053 657 1092 tempora
676 1042 850 1080 fioribus.

20 1110 98 1149 Sed
117 1123 200 1154 cur,
231 1109 333 1147 heu!
368 1108 575 1160 Ligurine,
604 1119 674 1144 cur

74 1172 214 1210 Manat
232 1185 324 1209 rara
344 1183 450 1209 meas
470 1169 649 1218 lacryma
667 1182 737 1219 per
755 1182 875 1222 genas
891 1170 905 1208 ?

19 1236 103 1276 Cur
120 1236 292 1274 facunda
312 1249 452 1285 parum
472 1234 616 1270 decoro
1046 1246 1096 1288 35

75 1301 184 1339 Inter
202 1301 323 1338 verba
345 1299 451 1338 cadit
468 1298 607 1350 lingua
625 1295 774 1336 filentio
790 1298 803 1336 ἓ

21 1363 230 1403 Νοξὶυτῃίε
249 1372 288 1401 te
309 1376 382 1414 ego
398 1362 555 1401 somniis

76 1428 167 1476 Jam
186 1436 350 1476 captum
371 1436 482 1464 teneo
499 1441 509 1471 ;
533 1426 619 1476 jam
638 1422 843 1463 volucrem
856 1424 1002 1475 *sequor

24 1490 167 1541 Teper
187 1492 372 1543 gramina
387 1490 522 1528 Martii

79 1555 236 1606 Campi,
269 1565 306 1595 te
326 1569 395 1607 per
414 1567 551 1605 aquaS,
582 1553 694 1600 dure,
723 1551 926 1592 volubiles.
1051 1567 1103 1605 40

971 1906 1105 1948 CAR.
