1235 2365
120 119 196 157 292
416 108 483 163 Q
517 107 841 148 HORATII

114 201 204 239 Non
224 200 331 238 fieret
349 198 497 246 levius;
526 200 680 253 fugeres
699 203 829 240 radice
849 200 910 240 vel
928 202 1050 242 herba
1108 215 1183 256 150

115 264 344 302 Proficiente
362 265 458 303 nihil
478 266 660 303 curarier.
717 265 929 311 Audies-as,
958 266 1021 305 cui

118 328 218 365 Rem
238 328 291 365 Di
313 328 517 374 donarent,
545 329 601 366 illi
621 329 806 368 decedere
824 342 988 380 pravam

117 390 331 429 stultitiam
349 407 359 438 3
390 400 427 430 et
446 405 537 431 cum
556 392 602 430 fis
622 392 742 431 nihilo
759 393 980 444 sapientior,
1010 407 1056 432 ex
1075 406 1155 444 quo

116 455 271 492 Plenior
290 470 342 501 es,
371 465 505 495 tamen
523 458 642 496 uteris
662 458 920 496 monitoribus
940 456 1102 496 iisdem?

114 520 176 557 At
196 519 221 556 fi
242 520 386 558 divitiae
405 522 638 570 prudentem
658 523 818 560 reddere
837 522 998 572 possent,
1110 533 1184 573 155
1200 552 1201 559 κ
1225 524 1235 564 l

117 585 155 621 Si
170 584 357 633 cupidum
370 585 632 634 timidumque
645 586 772 624 minus
785 596 841 631 te;
861 599 1000 636 nempe
1013 587 1186 632 ruberes,

115 647 274 684 Viveret
290 648 327 684 in
347 648 458 685 terris
477 657 515 685 te
535 647 561 684 fi
583 648 667 696 quis
687 648 840 686 avarior
859 661 951 686 uno.

118 711 156 748 Si
171 711 374 759 proprium
387 710 451 754 est,
467 711 574 758 quod
586 710 779 758 quislibra
791 721 984 750 mercatus
995 710 1185 758 etaereest‚
1234 720 1235 747 1

115 774 314 826 Qgiaedam
333 773 375 816 (fi
396 774 518 811 credis
539 773 737 823 consultis)
754 775 952 823 mancipat
971 775 1086 821 usus;

117 838 199 890 Qi
218 846 255 874 te
275 837 393 886 pascit
413 851 506 889 ager
525 837 687 880 tuusest
706 854 715 883 ;
737 848 773 876 et
792 838 943 877 villicus
964 839 1078 885 Orbi,
1112 840 1186 878 160

118 902 221 938 Cum
241 901 386 954 segetes
407 911 517 939 occat
537 902 606 939 tibi
626 915 716 939 mox
736 901 934 939 frumenta
953 902 1128 947 daturas,

118 964 177 1002 Te
193 965 398 1002 dominum
412 965 536 1002 sentit.
567 966 652 1003 Das
667 979 850 1004 nummos
866 979 876 1011 ;
892 966 1035 1015 accipis
1049 978 1185 1010 uvam,

119 1028 266 1073 Pullos,
296 1042 384 1074 ova,
414 1029 557 1066 cadum
577 1030 709 1067 temeti
729 1044 738 1066 ε
769 1042 910 1078 nempe
925 1029 1046 1067 modo
1065 1028 1133 1066 isto

118 1092 315 1129 Paulatim
335 1092 518 1128 mercaris
539 1105 695 1143 agrum,
723 1090 876 1129 fortasse
896 1091 1094 1136 trecentis,

118 1156 208 1192 Aut
220 1155 337 1193 etiam
350 1155 477 1203 supra,
489 1167 745 1192 nummorum
757 1153 925 1192 millibus
933 1162 1096 1191 emtum.
1115 1165 1128 1190 1
1137 1152 1185 1203 65

119 1219 229 1272 Qid
250 1217 381 1261 refert,
409 1218 518 1254 vivas
537 1226 744 1254 numerato
764 1230 901 1265 nuper,
929 1229 980 1254 an
999 1214 1122 1253 olim?

122 1282 266 1319 Emtor
284 1281 437 1318 Aricini
458 1280 657 1329 quondam
677 1279 847 1317 Veientis
869 1289 905 1316 et
925 1279 1022 1324 arvi,

123 1346 288 1382 Emtum
309 1352 434 1381 coenat
453 1343 552 1387 olus,
581 1343 760 1391 quamvis
779 1342 890 1380 aliter
909 1352 1047 1392 putat;
1076 1340 1189 1379 emtis

124 1408 203 1445 Sub
222 1409 373 1444 not‘lem
393 1405 565 1458 gelidam
584 1405 700 1458 lignis
721 1404 922 1443 calefactat
941 1405 1122 1443 ahenum.

124 1471 198 1508 Sed
217 1479 334 1507 vocat
353 1469 471 1517 usque
490 1469 616 1513 suum,
652 1481 730 1517 qua
749 1467 917 1518 populus
937 1467 1059 1506 adfita
1077 1466 1190 1506 certis

124 1533 334 1570 Limitibus
353 1532 480 1569 vicina
500 1531 628 1582 refigit
641 1532 798 1583 jurgia:
828 1540 1020 1579 tanquam
1117 1540 1187 1581 171
1233 1573 1235 1581 ⁴

127 1595 181 1633 Sit
195 1595 396 1645 proprium
409 1592 1191 1643 quidquam,punctoquodmobilishorae,
1234 1590 1235 1594 ¹

125 1661 239 1699 Nunc
268 1673 394 1710 prece,
431 1648 534 1697 nunc
562 1659 702 1709 pretio,
739 1672 842 1697 nunc
870 1659 923 1705 vi,
960 1671 1063 1697 nunc
1091 1658 1191 1697 sorte

285 1723 478 1772 suprema,
1007 1714 1013 1717 ¹

126 1787 327 1824 Permutet
347 1784 540 1828 dominos,
569 1791 607 1821 et
627 1783 739 1821 cedat
759 1783 797 1821 in
816 1782 939 1821 altera
952 1783 1057 1833 jura.

127 1850 204 1895 Sic,
234 1848 326 1897 quia
344 1855 552 1897 perpetuus
570 1845 667 1884 nulli
684 1847 799 1883 datur
813 1846 916 1890 usuS,
937 1854 976 1883 et
988 1845 1098 1883 heres
1118 1855 1163 1894 17
1168 1855 1191 1895 ς

126 1912 327 1951 Heredem
347 1910 519 1955 alterius,
548 1908 654 1947 velut
673 1909 780 1947 unda
797 1909 1016 1958 supervenit
1029 1907 1196 1953 undam,

127 1975 237 2030 Qid
256 1974 330 2012 vici
350 1973 522 2023 prosunt,
552 1981 620 2010 aut
639 1971 778 2010 horrea
795 1973 807 2010 ?
839 1972 998 2026 Qidve
1018 1969 1195 2010 Calabris

131 2039 298 2079 Saltibus
318 2037 453 2090 adjecti
475 2035 641 2082 Lucani,
670 2034 696 2073 fi
716 2035 828 2075 metit
849 2034 977 2074 Orcus

1017 2094 1196 2136 Grandia
