1235 2365
260 141 682 183 EPISTOLARUM
722 141 818 182 Lm.
849 142 906 182 ΙΙ.
1047 150 1125 194 239

51 244 217 299 Qanto
237 244 385 282 devites
405 243 525 281 animi
546 242 758 293 capitisque
776 240 924 280 labore.

52 308 230 360 Impiger
249 317 443 346 extremos
463 307 587 346 curris
607 315 803 345 mercator
823 305 875 342 ad
895 303 1033 349 Indos,
1072 315 1126 355 45

51 369 126 408 Per
145 384 253 409 mare
272 370 498 420 pauperiem
517 368 686 423 fugiens,
706 382 775 419 per
793 368 896 413 saxa,
915 381 983 417 per
1002 368 1126 420 ignes⁸

51 434 112 474 Ne
132 448 242 473 cures
263 448 322 479 ea,
344 447 428 482 quae
449 433 562 472 stulte
582 434 741 471 miraris
761 441 799 470 et
819 441 947 481 optas,

51 498 225 543 Discere,
246 507 283 536 et
303 498 453 542 audire,
479 506 518 535 et
537 496 690 535 meliori
710 496 867 534 credere
886 508 966 533 non
985 495 1043 532 vis
1060 495 1073 533 ?

51 561 154 616 Qis
171 561 319 600 circum
339 574 462 613 pagos
483 570 521 599 et
541 560 691 598 circum
711 559 886 609 compita
904 571 1064 611 pugnax

54 625 206 676 Magna
224 625 402 662 coronari
416 633 643 662 contemnat
657 622 860 672 Olympia,
880 623 942 660 cui
960 622 1059 672 speS,
1080 634 1130 673 50

55 689 130 727 Cui
153 687 195 726 sit
210 688 382 726 conditio
403 687 527 726 dulcis
548 687 623 725 fine
645 687 803 737 pulvere
825 687 965 736 palmae
984 688 996 726 ?

54 751 181 789 Vilius
203 760 412 803 argentum
433 751 484 788 est
503 764 614 794 aur0,
633 751 843 788 virtutibus
863 763 1020 788 aurum.

57 815 94 853 O
116 814 230 860 cives,
250 815 367 859 cives,
392 814 600 864 quaerenda
618 814 782 863 pecunia
801 814 976 863 primurn
996 812 1046 851 est
1064 827 1075 859 ;

56 878 191 915 Virtus
210 877 294 927 post
312 890 496 915 nummos
515 892 524 914 :
554 877 636 914 haec
657 878 777 926 Janus
790 877 965 915 summus
986 878 1034 914 ab
1048 876 1129 915 imo

57 940 248 979 Perdocet
264 956 274 985 ;
294 939 373 980 haec
389 941 736 991 recinuntjuvenes
750 942 891 979 dic'hita
909 941 1103 990 senesque,

58 1003 182 1042 Laevo
201 1004 362 1054 suspensi
382 1004 532 1042 loculos
552 1004 808 1053 tabulamque
827 1005 988 1043 lacerto.
1076 1003 1130 1054 56

60 1067 128 1104 Est
147 1067 300 1105 animus
320 1067 404 1112 tibi,
424 1068 510 1106 sunt
534 1081 676 1113 moreS‚
697 1068 747 1106 est
766 1068 915 1120 lingua,
937 1067 1132 1117 fidesque3

63 1131 138 1168 Sed
159 1131 456 1182 quadringentis
475 1132 535 1169 sex
554 1132 700 1181 septem
720 1132 843 1169 millia
863 1133 998 1177 defint,

63 1193 176 1231 Plebs
196 1195 283 1233 eris.
340 1194 401 1231 At
420 1195 529 1243 pueri
547 1194 740 1240 ludentes,
775 1195 856 1233 Rex
876 1196 964 1240 eris,
984 1195 1108 1240 aiunt,

63 1257 102 1295 Si
130 1260 227 1295 recle
246 1256 378 1295 facies.
435 1257 515 1296 Hic
536 1272 672 1296 murus
692 1260 861 1297 aheneus
881 1259 973 1305 est0‚
1083 1259 1134 1297 60

64 1322 130 1361 Nil
151 1322 318 1359 conscire
338 1322 421 1367 fibi,
443 1323 778 1372 nullaxpalleseere
798 1323 927 1373 culpa.-

67 1387 220 1431 Roscia,
240 1387 301 1424 dic
322 1387 445 1432 sodes,
467 1386 606 1425 melior
624 1387 698 1432 lex,
720 1401 769 1425 an
788 1400 1002 1437 puerorum

65 1449 216 1494 Naeuia,
241 1462 328 1498 qux
351 1464 519 1502 regnum
539 1453 638 1488 refixa
658 1450 889 1489 facientibus
911 1450 1040 1495 offert,

65 1515 120 1552 Et
139 1516 312 1552 maribus
333 1515 476 1559 Curiis,
498 1525 535 1553 et
556 1516 764 1553 decantata
783 1514 962 1553 Camillis
980 1515 991 1552 ?

67 1580 152 1617 Isne
170 1580 238 1617 tibi
254 1579 393 1617 melius
412 1579 563 1624 suadet,
584 1580 665 1628 qui,
688 1580 789 1618 Rem
808 1579 928 1617 facias
945 1594 955 1624 ;
977 1591 1074 1624 rem,
1091 1578 1140 1629 65¹

71 1643 108 1680 Si
129 1642 239 1692 poffis
261 1645 358 1680 reste
375 1658 384 1687 ;
414 1642 440 1679 s1
460 1656 552 1689 non,
573 1657 808 1693 quocunque
824 1643 946 1681 modo
965 1655 1049 1680 rem
1067 1657 1079 1687 ;

70 1707 128 1745 Ut
147 1707 305 1755 propius
325 1706 465 1756 spectes
487 1707 707 1757 lacrymosa
728 1709 913 1756 poemata
934 1707 1060 1755 Puppi
1077 1719 1088 1743 z

71 1769 141 1806 An
161 1771 228 1818 qui
247 1768 412 1807 fortunae
432 1780 469 1808 te
493 1771 711 1820 responsare
731 1771 904 1820 superbae

72 1833 264 1871 Liberum
284 1844 322 1871 et
341 1837 526 1878 erectum,
547 1834 711 1883 praesens
731 1834 912 1871 hortatur
935 1842 972 1870 et
992 1833 1132 1882 aptat?

74 1898 197 1950 Qod
218 1897 243 1933 sl
257 1907 319 1935 me
336 1897 503 1947 populus
522 1897 726 1935 Romanus
746 1898 847 1935 forte
861 1908 988 1950 roget,
1009 1911 1078 1935 cur
1100 1909 1150 1948 70

14 1993 16 2006 ,
74 1961 180 2005 Non,
200 1972 243 1998 ut
264 1963 491 2011 porticibUS,
508 1962 556 1999 fic
572 1963 744 2012 judiciis,
764 1961 875 1999 fruar
897 1962 1031 2005 isdem,

76 2024 156 2061 Nec
177 2025 315 2073 sequar
335 2035 402 2062 aut
421 2025 588 2078 fugiam,
610 2040 693 2074 quae
715 2027 844 2078 diligit
863 2026 938 2075 ipse
960 2025 1022 2064 vel
1043 2025 1152 2070 odit;

117 2087 188 2126 lim
208 2089 316 2138 quod
331 2088 466 2138 vulpes
489 2099 638 2142 aegroto
659 2100 774 2128 cauta
793 2090 896 2128 leoni

1077 2152 1154 2190 Re-
