1235 2365
245 127 709 170 SATYRARUM
755 127 930 168 Lm-II.
1061 140 1134 180 231

70 229 199 275 Dum,
218 241 307 279 quae
326 228 491 279 Crispini
511 229 646 267 docuit
658 242 722 267 me
737 227 898 279 janitor,
927 228 1015 266 edo.
1087 240 1139 277 45

70 291 130 330 Te
151 294 291 344 conjux
311 291 437 331 aliena
455 292 573 341 capit,
602 290 852 330 meretricula
867 291 1031 329 Davum
1048 305 1057 328 ε

71 354 214 403 Ρεςοειῑ
225 365 313 394 uter
326 355 500 393 nostrum
516 368 630 393 cruce
650 355 806 407 dignius
824 355 837 392 ?
866 354 984 392 Acris
997 354 1063 392 ubi
1079 366 1142 392 me

71 417 224 456 Natura
243 418 438 462 incendit3
466 418 534 455 sub
555 417 661 455 clara
679 418 787 456 nuda
804 416 965 454 lucerna

69 483 330 536 Qaecunque
350 482 499 530 excepit
517 478 712 533 turgentis
731 482 895 519 verbera
914 481 1062 526 caudae,

69 544 263 583 Clunibus
286 553 355 582 aut
373 544 540 596 agitavit
556 557 703 593 equum
723 543 865 581 lasciva
882 544 1079 593 supinum,
1095 557 1144 594 50

69 607 264 652 Dimittit,
292 621 418 656 neque
437 606 647 651 famosum,
676 620 803 655 neque
823 606 1034 645 sollicitum
1052 620 1100 644 ne

68 670 217 716 Ditior,
246 681 314 709 aut
332 670 472 709 formae
486 671 656 709 melioris
677 672 798 709 meiat
815 671 968 709 eodem.

69 734 150 780 Tu,
169 747 261 773 cum
277 736 452 785 projeitis
473 734 700 786 insignibuS,
730 735 876 772 annulo
897 734 1075 783 equestri,

72 786 335 846 Romanoque
354 798 506 843 habitu,
537 798 684 847 prodis,
714 811 760 835 ex
777 798 924 848 judice,
955 799 1091 835 Dama

69 859 230 909 Turpis,
251 861 462 898 odoratum
483 870 602 909 caput
621 860 850 898 obscurante
870 860 1045 905 lacerna,
1092 874 1142 911 55

69 922 161 960 Non
180 937 218 960 es
239 924 346 971 quod
367 922 523 960 simulas
543 924 554 961 ?
585 923 765 961 Metuens
790 924 997 969 induceris,
1027 934 1144 973 atque

69 985 305 1033 Altercante
325 986 548 1023 libidinibus
570 987 704 1023 tremis
725 985 801 1024 offa
820 1000 978 1036 pavore.

69 1050 179 1104 Qid
199 1048 330 1094 refert,
362 1050 420 1086 uri
440 1050 574 1101 virgis,
603 1049 786 1098 ferroque
807 1051 937 1088 necari

69 1113 312 1155 Austoratus
333 1126 395 1149 eas
415 1113 427 1150 ?
455 1125 504 1150 an
524 1113 627 1161 turpi
649 1113 798 1150 clausus
820 1114 858 1150 in
879 1127 983 1158 arca,

69 1176 163 1230 Qo
179 1184 217 1212 te
237 1174 390 1212 demisit
410 1176 563 1223 peccati
577 1176 727 1213 conscia
743 1176 890 1220 herilis,
1094 1178 1145 1215 60

69 1239 326 1276 Contraemm
348 1239 510 1289 genibus
530 1248 670 1290 tangas
692 1241 837 1288 caput?
858 1240 975 1277 Estne
996 1240 1140 1277 marito

68 1300 262 1338 Matronae
276 1302 470 1350 peccantis
492 1302 531 1338 in
550 1305 687 1339 ambos
699 1303 800 1352 justa
814 1303 981 1351 potestas
998 1304 1010 1341 ἓ

70 1363 118 1401 In
137 1373 410 1412 corruptorem
430 1364 649 1415 veljustior.
695 1365 771 1402 llla
790 1375 925 1403 tamen
940 1366 975 1403 se

64 1429 162 1467 Non
177 1428 328 1471 habitu,
349 1438 526 1466 mutatve
539 1429 643 1473 loco,
673 1439 856 1477 peccatve
876 1430 1036 1479 superne
1054 1446 1065 1475 ς

69 1492 175 1531 Cum
189 1502 226 1529 te
241 1491 428 1529 formidet
442 1492 597 1537 mulier,
618 1506 743 1541 neque
759 1494 892 1531 credat
913 1495 1075 1531 amanti.
1094 1494 1144 1545 65

70 1557 151 1595 Ibis
170 1557 237 1594 sub
256 1555 410 1594 furcam
430 1557 615 1605 prudens,
645 1558 884 1605 dominoque
905 1557 1049 1594 furenti

71 1621 305 1660 Committes
326 1634 409 1658 rem
425 1634 597 1665 omnem,
613 1630 650 1658 et
670 1622 807 1666 vitam,
821 1630 859 1658 et
872 1634 962 1658 cum
981 1634 1143 1671 corpore

230 1684 396 1722 famam.

73 1747 229 1787 Evzisti?
257 1749 388 1792 credo,
409 1757 572 1793 metues,
603 1749 811 1798 doftusque
831 1750 998 1787 cavebis.

72 1812 251 1865 Qaeres,
271 1812 430 1861 quando
450 1813 592 1849 iterum
610 1826 766 1861 paveaS,
783 1814 1003 1862 iterumque
1023 1815 1148 1863 perire

71 1875 201 1912 Poffis.
259 1876 295 1914 O
310 1877 422 1914 toties
443 1876 573 1914 servus
594 1879 601 1914 ἔ
636 1880 733 1927 Quae
748 1877 879 1915 bellua
899 1879 1038 1927 ruptiS,
1097 1890 1148 1927 70

72 1939 177 1976 Cum
196 1939 312 1977 semel
332 1939 486 1992 effugit,
516 1941 645 1978 reddit
665 1940 700 1978 se
721 1955 844 1991 prava
864 1942 1036 1980 catenis?

74 2001 164 2040 Non
183 2002 267 2041 sum
287 2003 477 2049 moechus,
507 2004 574 2042 ais.
606 2005 742 2054 Neque
767 2019 854 2058 ego,
870 2006 1041 2053 hercuie,
1060 1998 1148 2052 sur,

239 2066 305 2104 ubi
325 2066 415 2104 vasa
720 2111 730 2120 .

561 2131 599 2168 X
633 2143 651 2169 2
1047 2134 1148 2181 Puer,
