1235 2365
210 138 756 182 EPISTOLARUM
795 135 980 177 1212.st
1052 132 1129 184 283

63 232 117 272 Et
136 233 219 284 post
239 234 386 272 Punica
403 233 506 273 bella
526 234 680 283 quietus
701 244 870 282 quaerere
889 228 1020 279 coepit,

62 298 173 352 Qiid
207 297 420 348 Sophocles
450 309 488 336 et
525 297 688 348 Thespis
725 306 762 335 et
799 293 1007 344 AEschylus
1040 288 1136 330 utile

225 359 385 399 ferrent.

62 422 252 462 Tentavit
271 436 429 473 quoque
448 437 532 462 rem
553 423 578 461 fi
599 423 716 475 digne
736 432 885 461 vertere
904 419 1022 471 posset
1039 435 1050 466 ;

63 488 117 526 Et
136 487 284 537 placuit
303 488 384 532 fibi,
413 496 554 525 natura
573 487 761 531 sublimis,
791 495 828 523 et
848 498 961 523 acer:
1060 481 1106 520 16
1110 493 1134 532 5

62 552 167 590 Nam
187 552 304 602 spirat
323 551 522 604 tragicum
540 551 645 595 satis,
673 559 712 588 et
731 548 896 587 feliciter
915 546 1034 585 audet
1052 561 1062 590 ;

66 615 141 653 Sed
160 623 317 664 turpem
336 624 450 664 putat
469 614 599 651 inscite
619 613 838 660 metuitque
857 610 1032 648 lituram.

1 678 4 683 ’
63 678 264 723 Creditur,
291 692 336 716 ex
356 677 486 715 medio
507 677 600 724 quia
620 689 678 713 res
699 673 859 719 arceffit,
887 673 1030 711 habere

1 735 3 745 ³
66 741 226 779 Sudoris
246 741 483 784 minimum3
513 739 576 776 sed
596 739 714 776 habet
735 737 928 775 comoedia
947 744 1058 773 tanto

0 801 1 826 ἶ
64 802 157 842 Plus
173 803 314 848 oneris,
331 812 479 851 quanto
492 802 613 839 venire
630 801 772 838 minus.
802 799 959 849 Aspice,
977 797 1140 837 Plautus

63 868 158 920 Quo
179 869 289 916 pafto
308 876 437 916 partes
457 875 607 903 tutetur
625 864 792 902 amantis
811 862 963 913 ephebi,
1067 875 1080 900 1
1092 874 1139 913 71

64 929 123 967 Ut
140 930 261 978 patris
283 930 439 974 attenti,
469 929 617 967 lenonis
638 938 683 966 ut
704 927 897 972 infidiofi3

65 993 251 1045 Qantus
272 992 318 1031 fit
336 993 562 1030 Dorsennus
578 992 761 1030 edacibus
783 993 821 1029 in
840 989 1013 1041 parasitis
1030 1004 1040 1033 ;

65 1055 202 1108 Qum
223 1068 301 1093 non
321 1056 470 1094 astricto
491 1066 694 1105 percurxat
713 1055 866 1105 pulpita
882 1054 992 1093 socco
1009 1067 1017 1090 :

68 1117 962 1162 Gestitenimnummuminloculosdemittere3
977 1115 1140 1166 posthoc

67 1181 249 1226 Securus,
278 1182 396 1219 cadat
414 1196 464 1220 an
484 1185 586 1221 recto
607 1183 677 1220 stet
694 1180 830 1220 fabula
849 1180 942 1219 talo.
1064 1180 1140 1229 176

65 1244 199 1296 Qem
219 1243 309 1282 tulit
330 1245 380 1282 ad
400 1245 553 1284 scenam
573 1245 731 1284 ventoso
751 1245 878 1298 gloria
897 1258 1029 1289 curru,

67 1307 280 1345 Exanimat
299 1307 426 1347 lentus
445 1310 647 1359 speetator,
675 1309 830 1347 sedulus
850 1308 955 1347 inflat
973 1322 983 1345 :

2 1395 4 1403 ι
67 1370 131 1407 Sic
139 1369 288 1416 leve‚fic
296 1384 465 1420 parvum
475 1373 718 1417 estffinimum
727 1371 967 1422 quodlaudis
975 1382 1140 1408 avarum

70 1435 230 1472 Subruit
249 1445 317 1473 aut
336 1436 460 1474 reficit
478 1439 486 1474 1
519 1437 660 1475 Valeat
678 1450 738 1475 res
752 1437 918 1480 ludicra,
939 1435 964 1472 fi
981 1449 1043 1473 me
1068 1436 1142 1473 180

66 1497 207 1536 Palma
225 1509 370 1552 negata
388 1513 582 1545 macrum,
613 1502 760 1539 donata
779 1499 930 1537 reducit
948 1500 1144 1549 opimum,

72 1562 178 1610 Saepe
193 1562 312 1600 etiam
328 1563 520 1601 audacem
534 1563 649 1616 fugat
664 1564 737 1602 hoc
754 1572 949 1611 terretque
964 1564 1120 1612 poetam
1130 1578 1142 1608 ;

71 1625 195 1678 Qod
214 1638 378 1663 numero
399 1625 543 1675 plures,
572 1628 716 1665 virtute
737 1627 940 1665 ethonore
960 1628 1144 1671 minores,

76 1690 241 1735 Indoffi,
270 1690 487 1739 stolidique,
517 1701 554 1729 et
575 1689 799 1745 depugnare
815 1692 957 1742 parati,
1070 1692 1145 1742 184

78 1753 117 1791 Si
136 1754 329 1794 discordet
348 1768 480 1803 eques,
510 1756 641 1793 media
659 1757 764 1794 inter*
779 1757 953 1794 carmina
972 1754 1136 1804 poscunt

70 1818 157 1855 Aut
169 1817 392 1863 ursum‚aut
405 1819 571 1871 pugile53
589 1820 646 1857 his
662 1834 752 1858 nam
767 1819 968 1869 plebecula
981 1819 1140 1871 gaudet.

69 1882 104 1919 ‘V
109 1895 219 1919 erum
243 1883 382 1930 equitis
408 1896 564 1932 quoque
580 1885 664 1933 jam
686 1883 872 1936 migravit
893 1884 940 1921 ab
961 1896 1053 1921 aure
1073 1895 1145 1921 voo-

232 1945 362 1995 luptas

73 2009 228 2055 Omnis,
256 2011 305 2048 ad
326 2010 492 2049 incertos
513 2010 662 2056 oculos
692 2021 729 2050 et
750 2011 897 2064 gaudia
916 2024 1031 2049 vana.

71 2075 256 2126 Quatuor
274 2085 343 2115 aut
358 2075 489 2128 plures
509 2075 629 2116 aulaea
649 2085 882 2127 premuntur
902 2075 940 2114 in
960 2075 1110 2119 horas,‘

1049 2138 1164 2180 Dum
