1235 2365
59 234 152 276 Non
169 233 250 274 sola
270 244 422 273 comtos
443 233 534 272 arsit
552 231 720 272 adulteri

0 316 5 349 s
61 300 214 346 Crines,
235 308 274 338 et
293 311 434 338 aurum
453 298 619 336 vestibus
640 297 785 336 illitum

115 363 276 409 Mirata,
304 362 521 414 regalisque
541 361 685 406 cultus,

169 428 223 465 Et
242 426 419 470 comites,
450 424 606 462 Helene
629 425 822 464 Lacaenaz

61 489 263 531 Primusve
282 488 438 527 Teucer
457 488 536 526 tela
557 488 738 538 Cydonio

25 591 26 598 ,
62 554 220 593 Direxit
238 567 334 591 arcu
351 567 360 590 :
391 565 472 590 non
490 550 607 589 semel
627 549 722 590 Ilios

115 620 267 658 Vexata
284 631 293 655 :
322 630 401 655 non
420 616 613 669 pugnavit
632 616 769 669 ingens

169 681 407 719 Idomeneus
431 679 682 718 Sthenelusve
701 679 804 718 solus

62 745 245 786 Dicenda
269 744 390 783 Mufis
410 743 548 794 proelia
569 760 578 782 :
610 758 689 783 non
709 745 818 783 ferox

64 811 228 855 Heuor,
255 808 318 846 vel
338 823 427 847 acer
446 808 682 858 Deiphobus
703 821 844 862 graves

119 874 286 923 Excepit
305 873 400 911 ictus
420 886 492 923 pro
512 873 664 922 pudicis

174 937 425 989 Conjugibus
444 936 648 994 puerisque
668 936 833 986 primus

22 1010 23 1047 ξ
65 1001 207 1039 Vixere
227 1000 347 1039 fortes
369 1010 459 1038 ante
479 1000 791 1053 Agamemnona

22 1062 24 1091 l
69 1053 216 1104 Multi:
247 1065 312 1102 sed
332 1078 468 1102 omnes
489 1063 792 1114 illacrymabiles

22 1118 23 1121 Ἰ
125 1129 346 1180 Urgentur,
375 1127 579 1180 ignotique
597 1127 719 1179 longa

180 1191 316 1236 Nocte,
346 1200 480 1229 carent
499 1191 592 1239 quia
609 1200 699 1229 vate
718 1191 838 1230 sacro.

20 1275 22 1312 ῥ
73 1253 245 1294 Paulum
265 1252 424 1304 sepultae
444 1253 586 1292 distat
578 1254 725 1292 inertiae

52 1319 211 1369 Celata
232 1319 368 1356 virtus.
428 1318 520 1357 Non
539 1331 614 1371 ego
634 1327 672 1356 te
693 1318 790 1356 meis

126 1382 285 1420 Chartis
306 1383 533 1420 inornatum
554 1381 686 1427 silebo,

181 1445 314 1483 Totve
334 1455 423 1483 tuos
444 1445 570 1495 patiar
592 1445 746 1484 labores

19 1541 21 1548 ,
76 1512 260 1560 Impune,
290 1508 413 1554 Lolli,
443 1523 600 1559 carpere
613 1508 762 1563 lividas

19 1563 20 1600 i
79 1574 325 1613 Obliviones.
384 1574 451 1612 Est
470 1575 624 1612 animus
644 1575 713 1612 tibi

132 1637 361 1686 Rerumque
381 1638 568 1687 prudens,
599 1647 638 1676 et
657 1638 833 1676 secundis

184 1701 451 1752 Temporibus
472 1701 673 1751 dubiisque
694 1701 817 1741 rectus
837 1719 850 1749 ;

17 1777 19 1794 r
79 1761 234 1803 Vindex
258 1778 385 1803 avarae
404 1764 570 1811 fraudis,
591 1775 628 1803 et
648 1766 837 1805 abstinens

16 1822 18 1866 ,Ῑ
80 1829 273 1868 Ducentis
294 1829 345 1867 ad
365 1829 400 1867 se
421 1832 558 1867 cunCta
578 1831 748 1879 pccunice
767 1846 778 1876 ς

137 1891 360 1942 Consulque
381 1906 459 1931 non
479 1894 593 1931 unius
614 1894 703 1931 anni
720 1909 730 1939 ;

195 1955 284 2001 Sed,
305 1956 457 2005 quoties
477 1958 602 1994 bonus
623 1967 740 2007 atque
756 1957 858 1996 fidus

15 2049 17 2062 ,
83 2019 210 2069 Judex
228 2020 433 2060 honestum
455 2021 625 2071 praetulit
645 2021 746 2068 utili,
776 2032 813 2060 et

598 2085 634 2123 L

249 148 663 191 CARMINUM
710 149 805 187 Lm.
836 148 909 186 IV.

1060 159 1129 186 121

1090 373 1135 412 15

1094 691 1144 718 20

1101 1011 1147 1050 25

1105 1329 1124 1367 3
1131 1329 1156 1354 O

1110 1649 1158 1690 35

1113 1973 1166 2010 40

1019 2086 1168 2140 Rejecit
