1235 2365
86 127 162 166 124
389 117 852 173 QHORATM

81 214 223 253 Terret
242 215 440 254 ambustus
461 217 664 259 Phaethon
685 235 824 261 avaras
1101 239 1151 280 25
1205 225 1207 247 ff

83 279 177 328 Spes
194 294 203 324 ;
234 288 272 317 et
291 280 515 331 exemplum
535 296 657 335 grave
675 286 819 334 praebet
837 285 917 327 ales

82 341 262 394 Pegasus,
291 351 491 381 terrenum
511 346 684 394 equitem
702 358 891 400 gravatus

245 405 606 456 Bellerophontem,

83 469 245 518 Semper
263 478 308 507 ut
328 478 366 507 te
386 469 507 522 digna
523 472 682 520 sequare
697 488 709 519 ;
737 484 790 521 et,
805 474 913 516 ultra

80 532 218 586 Qam
235 531 327 570 licet
345 532 496 582 sperare
514 534 622 572 nefas
637 538 829 585 putando,
1103 555 1155 596 30

80 596 289 646 Disparem
307 595 416 634 vites.
474 598 677 649 Age,jam
691 611 874 640 meorum

246 660 350 697 Finis
371 674 570 707 amorum,

81 724 190 769 (Non
209 724 314 762 enim
333 724 490 774 posthac
510 725 587 763 alia
605 725 740 766 calebo

84 789 277 836 Femina),
307 788 482 826 condisce
502 789 656 835 modos,
690 790 862 829 amanda

83 854 190 891 Voce
211 864 309 900 quos
328 851 469 889 reddas
486 866 495 889 :
526 853 781 893 minunentur
800 864 892 894 atrae
1100 870 1123 910 3
1127 868 1153 910 5

246 915 431 954 Carmine
451 929 564 955 curae.

350 1081 723 1129 'CARMEN
782 1089 879 1131 XII.

326 1199 397 1237 An
443 1200 915 1241 VIRG1L1UM.

152 1297 242 1337 AM
262 1298 362 1336 veris
383 1299 560 1344 comites,
590 1312 674 1347 quae
694 1313 803 1338 mare
822 1309 1062 1350 temperant,

181 1361 397 1411 Impellunt
417 1362 554 1400 animae
574 1362 694 1401 lintea
714 1363 892 1402 Thraciae
910 1379 920 1401 ε

87 1428 177 1476 Jam
195 1440 265 1464 nec
287 1435 399 1476 prata
418 1426 559 1477 rigent,
588 1440 658 1464 nec
679 1427 786 1465 fluvii
806 1427 978 1477 strepunt

251 1489 431 1528 Hiberna
449 1491 536 1528 nive
555 1490 715 1543 turgidi¹

88 1554 240 1592 Nidum
260 1554 383 1603 ponit,
416 1554 507 1603 Ityn
524 1553 702 1591 flebiliter
718 1565 893 1606 gemens,
1139 1563 1163 1602 5

88 1618 228 1657 Infelix
250 1618 347 1662 avis,
377 1626 414 1654 et
430 1617 626 1666 Cecropiae
642 1617 783 1655 domus
1219 1634 1229 1658 ι,

88 1681 299 1720 AEternum
321 1679 575 1728 opprobrium
592 1695 602 1724 ;
632 1680 738 1728 quod
758 1677 861 1717 male
879 1678 1065 1717 barbaras
1215 1723 1233 1735 ,⁴

255 1743 413 1796 Regum
435 1743 485 1780 est
506 1743 590 1781 ulta
608 1744 800 1781 libidines.
1216 1735 1235 1798 ²1

1227 1812 1235 1829 ἱ

89 1808 242 1847 Dicunt
262 1808 301 1845 in
320 1817 454 1845 tenero
475 1808 653 1859 gramine
673 1807 882 1859 pinguium

90 1873 278 1912 Custodes
299 1871 434 1909 ovium
454 1871 629 1908 carmina
649 1870 800 1917 fistula;

91 1936 376 1984 Deleclantque
399 1936 547 1980 Deum,
569 1936 631 1973 cui
651 1947 769 1984 pecus
790 1945 828 1974 et
846 1933 949 1987 nigri
1117 1942 1166 1971 10
1224 1960 1227 1962 -

253 1998 384 2039 Colles
404 1998 586 2038 Arcadiae
602 1997 773 2050 placent.

999 2064 1167 2109 Addux-
1223 2113 1235 2156 ὲ
