1235 2365
166 143 713 184 EPISTOLARUM
754 144 850 184 Lm.
881 145 939 184 11.
1010 145 1086 197 287

15 245 232 290 Candidus,
262 253 300 282 et
320 243 418 282 talos
439 258 462 281 a
480 244 623 282 vertice
642 242 806 294 pulcher
825 244 875 282 ad
893 244 1010 290 imos,

16 308 102 346 Fiet
121 309 274 357 eritque
294 318 384 346 tuus
406 322 662 347 nummorum
683 307 854 346 millibus
877 311 963 347 οᾶο
980 323 992 354 ;
1066 320 1090 360 5

15 373 149 410 Verna
166 373 384 410 ministeriis
405 373 455 410 ad
476 383 594 411 nutus
615 381 729 422 aptus
748 372 912 418 herile53

16 435 221 474 Litterulis
242 435 389 474 Graecis
409 436 597 480 imbutus,
615 436 777 473 idoneus
798 437 872 473 arti

14 499 209 538 Cuilibet:
241 498 382 550 argilla
401 499 555 547 quidvis
576 499 788 536 imitaberis
810 499 914 536 uda:

15 564 127 618 Qin
146 563 266 600 etiam
285 572 399 600 canet
419 562 635 607 indo&um‚
662 563 726 600 sed
745 562 874 607 dulce,
903 561 1063 600 bibenti.

15 627 149 668 Multa
163 627 281 664 fidem
296 625 477 676 promissa
490 627 636 671 levant,
658 627 723 665 ubi
739 626 888 676 plenius
904 640 1017 675 aequo
1043 639 1090 665 10

17 691 179 730 Laudat
198 689 367 735 venales,
396 690 464 738 qui
483 689 569 728 vult
588 690 805 734 extrudere,
835 703 997 728 merces,

21 754 97 791 Res
117 763 233 806 urget
252 767 315 792 me
334 753 443 792 nulla
460 769 470 799 ;
500 767 589 792 meo
608 754 692 792 sum
715 767 860 803 pauper
880 754 918 791 in
939 766 1027 792 aere.

19 817 147 855 Nemo
160 818 233 855 hoc
248 830 492 869 mangonum
505 816 747 861 facerevibi3
761 831 839 854 non
847 826 991 855 temere
999 829 1091 855 ame

17 881 160 935 inis
180 880 300 918 ferret
315 882 429 919 idem*
465 882 592 920 Semel
612 882 674 919 hic
697 880 876 926 ceffavit3
898 891 935 919 et
953 882 1013 926 (ut
1030 881 1092 930 sit)

20 943 68 981 In
87 943 193 981 scalis
213 943 328 981 latuit
349 953 523 982 metuens
546 945 745 993 pendentis
766 944 943 982 habene.
1041 955 1088 994 15

18 1008 103 1046 Des
121 1020 317 1051 nummos,
339 1018 499 1056 excepta
517 1007 611 1045 nihil
634 1018 670 1045 te
691 1007 716 1045 sl
735 1007 832 1060 fuga
851 1007 968 1045 laedit.

21 1070 94 1107 Ille
114 1069 213 1108 ferat
233 1072 417 1119 pretium,
450 1085 568 1120 poenae
588 1073 755 1116 senum&
785 1074 937 1121 opinor.

21 1133 196 1171 Prudens
216 1133 336 1171 emisti
360 1134 536 1172 vitiosum
555 1150 565 1179 3
595 1135 694 1172 diem
715 1135 783 1171 tibi
803 1134 854 1172 est
873 1134 946 1172 lex.

21 1198 237 1246 Insequeris
258 1208 389 1235 tamen
409 1198 526 1240 hunc,
557 1208 594 1235 et
614 1199 679 1236 lite
700 1199 864 1236 moraris
885 1199 1030 1248 iniqua.

19 1261 115 1299 Dixi
134 1275 197 1299 me
213 1261 371 1312 pigi-um
392 1261 646 1310 proficiscenti
667 1262 762 1306 tibh
792 1262 870 1299 dixi
1041 1273 1091 1300 20

21 1324 185 1362 Talibus
207 1324 340 1361 officiis
361 1338 480 1373 prope
501 1339 702 1369 mancum,
732 1339 778 1362 ne
799 1339 885 1363 mea
905 1324 1027 1362 saevus

22 1391 208 1442 Jurgares
229 1389 279 1426 ad
300 1399 337 1427 te
357 1390 464 1437 quod
485 1390 643 1439 epistola
663 1390 772 1428 nulla
790 1390 953 1434 veniret,

23 1453 134 1507 Qid
155 1462 241 1490 tum
261 1451 423 1501 profeci,
453 1467 609 1491 mecum
629 1453 814 1492 facientia
829 1455 919 1504 jura

27 1519 64 1556 Si
78 1528 210 1556 tamen
223 1517 414 1555 attentas?
432 1517 617 1569 Quereris*
629 1518 741 1566 super
754 1518 826 1555 hoc
842 1518 975 1562 etiam,
990 1515 1099 1564 quod

26 1583 255 1632 Exspectata
273 1582 342 1619 tibi
362 1595 440 1618 non
461 1582 617 1619 mittam
638 1582 813 1619 carmina
832 1581 1013 1619 mendax.
1050 1592 1098 1630 25

27 1645 188 1684 Luculli
211 1645 322 1683 miles
343 1645 502 1683 colleeta
522 1646 664 1683 viatica
683 1643 824 1686 multis,

27 1711 247 1754 AErumnis,
277 1709 387 1747 laffus
409 1710 506 1747 dum
527 1711 641 1746 noctu
661 1708 797 1753 stertit,
826 1707 877 1745 ad
897 1705 1012 1744 affem

29 1774 276 1812 Perdiderat:
294 1773 461 1823 posthoc
476 1772 684 1810 vehemens
696 1767 828 1821 lupus,
841 1767 1103 1809 etfibiethosti

32 1840 161 1876 Iratus
181 1840 339 1887 pariter,
363 1838 505 1888 jejunis
526 1837 706 1874 dentibus
726 1849 830 1880 acer,

32 1903 258 1941 Praesidium
277 1902 408 1954 regale
427 1900 515 1939 loco
537 1900 688 1950 dejecit,
718 1907 762 1936 ut
782 1899 914 1943 aiunt,.
1055 1908 1106 1948 30

34 1967 196 2004 Summe
217 1966 384 2011 munito,
413 1975 451 2003 et
470 1963 688 2002 multarum
709 1962 827 1999 divite
846 1974 991 2000 rerum.

33 2031 173 2069 Clarus
193 2032 242 2068 ob
263 2030 301 2067 id
320 2029 481 2073 feretum,
510 2028 620 2064 donis
640 2035 802 2063 ornatur
819 2023 1000 2070 honestis,

34 2094 196 2145 Accipit
215 2103 253 2132 et
271 2093 327 2134 bis
348 2092 449 2131 dena
466 2091 578 2141 super
597 2088 763 2128 sestertia
781 2101 1005 2128 nummum.

992 2151 1110 2189 Forte
