1235 2365
232 118 416 158 SATY
435 119 524 158 ΗΑ
544 119 701 158 RUM
730 118 824 157 Lm.
856 118 912 155 114
1044 127 1123 164 209

15 234 17 240 ·
49 217 230 266 speravit
251 230 408 270 magnae
428 218 535 256 laudi
554 217 650 256 fore.
707 217 819 271 Qid
838 214 958 253 simile
979 214 1035 251 isti

47 281 212 319 Graecus
222 281 457 330 Aristippus?
470 282 536 330 qui
549 282 675 320 servos
689 282 874 331 projicere
889 291 1029 317 aurum
1043 291 1055 315 ι
1065 289 1117 315 co

9 375 11 378 .
49 344 98 381 In
119 343 365 394 mediajuffit
386 344 515 393 Lybia
533 360 543 389 ;
574 346 667 392 quia
687 344 836 382 tardius
857 343 956 380 irent

48 407 213 456 Propter
232 419 330 443 onus
350 407 495 458 segnes.
554 408 654 444 Uter
673 408 723 445 cst
743 407 907 444 insanior
928 407 1071 443 horum
1088 405 1099 441 ἓ

48 470 116 509 Nil
135 470 218 521 agit
233 470 470 518 exemplum,
499 470 608 508 litem
630 471 735 519 quod
756 470 822 507 lite
842 468 1009 507 resolvit.

49 534 87 572 Si
101 535 186 583 quis
200 543 304 571 emat
318 533 500 578 citharas,
521 543 672 583 emptas
687 541 907 581 comportet
923 533 961 569 in
975 544 1116 573 unum,

47 595 129 634 Nec
150 595 274 633 studio
296 595 478 640 Cstharae,
506 609 576 633 nec
597 595 714 633 muse
736 596 890 633 deditus
911 594 981 632 uni
999 610 1009 639 ;
1042 607 1115 644 105

50 659 86 697 Si
107 659 256 707 scalpra
275 669 313 696 et
330 657 496 703 formas,
524 672 603 696 non
622 659 727 696 sutor
743 674 752 696 :
782 659 943 696 nautica
961 657 1062 702 vela,

50 723 226 769 Aversus
246 723 476 761 mercaturis
493 739 502 768 ;
533 723 678 761 delirus
699 733 736 760 et
756 737 889 760 amens

49 786 237 834 Undique
257 786 409 823 dicatur
429 786 582 823 merito.
639 786 749 840 Qid
770 786 962 834 discrepat
978 785 1085 830 isti„

48 849 131 903 Qi
150 861 336 886 nummos
356 861 576 897 aurumque
596 848 786 892 recondit,
816 848 962 885 nescius
982 849 1041 885 uti

49 912 297 961 Compositis,
317 911 566 960 metuensque
582 911 689 948 velut
702 912 927 963 contingere
943 911 1122 948 sacrum?

51 976 89 1013 Si
103 975 188 1023 quis
202 975 253 1012 ad
265 975 463 1027 ingentem
476 973 663 1012 frumenti
678 975 826 1023 semper
841 987 1026 1011 acervum
1046 986 1059 1010 1
1074 985 1086 1009 1
1100 986 1114 1010 1

50 1038 252 1076 Porrectus
272 1037 408 1090 vigilet
427 1037 547 1089 longo
567 1051 657 1074 cum
678 1037 773 1075 fuste
792 1053 802 1082 ;
832 1050 957 1086 neque
980 1036 1087 1073 illine

49 1101 216 1140 Audeat
234 1101 412 1144 esuriem,
444 1100 641 1144 dominus,
671 1100 896 1150 contingere
920 1112 1120 1152 granun15

51 1165 115 1204 Ac
136 1166 264 1214 potius
284 1163 385 1201 foliis
406 1177 544 1212 parcus
566 1164 741 1200 vescatur
761 1165 902 1200 amaris
920 1179 928 1201 z

54 1228 105 1271 Si,
134 1227 264 1277 positis
286 1227 388 1263 intus
409 1226 496 1263 Chii
516 1226 729 1274 veterisque
752 1226 905 1264 Falerni
1047 1238 1119 1277 115

51 1289 163 1328 Mille
183 1289 303 1334 cadis,
331 1288 427 1326 nihil
447 1288 511 1333 est,
541 1290 967 1334 tercentummissibus,
998 1304 1087 1328 acre

52 1352 167 1390 Potet
182 1362 354 1391 acetum:
369 1366 461 1404 age3
480 1352 504 1389 si
519 1364 555 1390 et
571 1352 785 1390 stramentis
799 1354 970 1399 incubet,
1003 1356 1124 1392 unde-

53 1415 265 1468 ang'mta
284 1429 404 1453 annos
424 1425 553 1460 natu5,
583 1416 645 1454 cui
667 1416 838 1469 stragula
857 1417 983 1462 vestis,

54 1479 278 1517 Blattarum
299 1493 342 1517 ac
363 1480 557 1517 tinearum
577 1479 711 1528 epulae,
731 1480 925 1529 putrescat
945 1482 983 1519 in
1003 1496 1094 1520 arca
1113 1498 1121 1520 :

52 1541 251 1579 Nimirum
273 1541 422 1579 insanus
443 1543 575 1590 paucis
595 1543 775 1580 videatur
793 1559 803 1588 ;
833 1557 877 1581 eo
899 1545 1022 1593 quod.
1052 1558 1124 1582 120

54 1605 231 1643 Maxima
249 1619 337 1654 pars
358 1605 564 1642 hominum
584 1607 722 1643 morbo
737 1608 905 1657 jastatur
925 1610 1078 1646 eodem.

55 1669 174 1707 Filius
194 1679 272 1714 ,aut
292 1670 410 1707 etiam
429 1671 508 1707 haec
529 1670 688 1709 libertus
709 1683 753 1710 ut
773 1674 901 1712 ebibat
921 1675 1065 1721 heres„

57 1733 133 1771 Dis
154 1733 308 1772 inimice
328 1734 453 1779 senex,
483 1734 663 1780 custodis,
693 1749 739 1773 ne
759 1737 827 1775 tibi
849 1738 971 1776 desit?

54 1797 306 1850 Qantulum
321 1799 424 1836 enim
436 1799 597 1838 summo:
612 1802 781 1839 curtabit
796 1803 956 1850 quisque
965 1803 1131 1847 dierum,

56 1861 217 1912 Ungere
237 1859 263 1897 s1
284 1861 412 1899 caules
434 1862 519 1900 oleo
539 1863 713 1909 meliore,
744 1876 941 1915 caputque
1058 1882 1070 1905 1
1084 1881 1127 1918 23

56 1923 230 1973 Coeperis
250 1924 403 1973 impexa
419 1924 570 1963 foedum
590 1928 785 1981 porrigine
804 1930 816 1966 ?
889 1944 994 1975 uare,

59 1987 96 2023 Si
117 1986 272 2035 quidvis
290 1986 378 2024 satis
399 1987 464 2033 est,
494 1990 682 2039 perjuras,
711 1992 882 2042 surripis,
913 1993 1041 2031 aufers

57 2049 275 2101 Undique?
306 2050 413 2091 Tun'
439 2052 551 2091 sanus
570 2054 581 2089 ?
611 2053 802 2105 Populum
824 2055 850 2095 fi
872 2058 1016 2095 caedere
1039 2058 1135 2096 saxis

558 2114 605 2155 T..
628 2129 659 2169 3,
955 2121 1159 2173 Incipias„
