1235 2365
91 124 168 175 238
439 122 496 177 Q
546 121 875 163 HORATII

83 222 179 276 Qo
193 234 255 260 me
269 233 422 270 cunque
433 222 536 272 rapit
546 221 929 272 tempestas,defer0r
940 221 1088 275 hospes.
1109 235 1155 276 15
1216 273 1222 275 -

87 285 202 323 Nunc
223 283 335 338 agilis
355 284 421 330 fio,
441 294 478 323 et
497 285 642 324 mersor
661 285 838 324 civilibus
857 286 987 332 undis,

85 349 253 388 Virtutis
274 363 373 388 verae
393 348 532 394 custos,
553 349 778 402 rigidusque
798 349 948 389 satelles
965 364 976 388 ε

82 412 198 452 Nunc
219 414 258 450 in
277 412 467 463 Aristippi
486 411 625 451 furtim
645 423 837 463 praecepta
849 413 1017 459 relabor,

85 475 139 514 Et
157 476 254 513 mihi
272 489 347 521 τες,
368 489 446 514 non
465 489 528 514 me
546 477 676 521 rebus,
696 477 926 529 subjungere
947 489 1082 514 conor.

84 539 144 577 Ut
162 552 238 576 nox
257 538 391 591 longa,
406 540 546 587 quibus
566 540 755 577 mentitur
773 540 914 585 amica,
935 539 1090 588 diesque
1109 550 1158 578 20

85 602 215 640 Lenta
235 603 388 640 videtur
407 616 505 652 opus
525 603 754 640 debentibus
771 618 782 648 3
811 612 856 640 ut
876 604 986 655 piger
1005 615 1130 641 annus

86 665 263 714 pupillis,
294 679 392 713 quos
413 666 512 703 dura
531 666 674 714 premit
693 665 867 703 custodia
886 676 1059 704 matrum
1076 681 1085 704 :

87 728 146 765 Sic
167 728 263 765 mihi
295 728 410 765 tarda
429 728 556 765 fluunt
590 728 824 780 ingrataque
849 737 1042 778 tempora,
1068 742 1158 778 quae

248 790 355 839 spem

84 853 378 904 Consiliumque
399 865 604 893 morantur
617 856 759 907 agendi
779 856 960 908 gnaviter
975 856 1030 901 id,
1050 857 1160 906 quod

85 917 218 965 AEque
234 918 468 966 pauperibus
488 918 655 966 prodest,
675 918 935 968 locupletibus
955 933 1062 969 aeque
1079 935 1090 966 ς
1113 933 1132 958 2
1137 933 1158 971 5

84 980 216 1028 AEque
237 980 460 1032 neglecffum
482 982 608 1030 pueris
629 981 852 1030 senibusque
872 983 1038 1020 nocebit.

87 1043 233 1088 Restat,
248 1054 290 1081 ut
303 1045 443 1097 hisego
458 1059 519 1082 me
533 1046 1158 1098 ipseregamsolerqueelementis:

85 1108 176 1146 Non
196 1108 306 1158 poffis
326 1110 460 1147 oculos
482 1120 676 1159 quantum
697 1110 929 1148 contendere
952 1110 1159 1159 Lynceus3

85 1172 178 1211 Non
198 1183 330 1211 tamen
351 1175 496 1213 idcirco
517 1186 743 1214 contemnas
759 1177 886 1226 lippus
903 1177 1040 1228 inungi
1057 1191 1067 1214 :

83 1236 180 1282 Nec,
201 1238 294 1285 quia
310 1238 482 1287 desperes
504 1239 629 1276 invicti
653 1241 831 1277 membra
852 1239 1059 1289 GlyconiS,
1109 1251 1159 1291 30

84 1300 243 1338 Nodosa
262 1314 402 1350 corpus
424 1303 520 1339 nolis
542 1304 745 1351 prohibere
773 1304 968 1356 chiragra.

84 1363 150 1401 Est
171 1364 345 1412 quodam
366 1366 521 1413 prodire
543 1376 668 1411 teum,
690 1366 715 1402 si
731 1380 809 1404 non
829 1367 946 1405 datur
965 1366 1084 1406 ultra.

86 1427 227 1464 Fervet
246 1427 425 1471 avaritia,
446 1428 661 1475 miseroque
683 1428 877 1477 Cupidine
897 1432 1025 1480 pe6tus
1042 1430 1056 1468 ἓ

87 1489 186 1527 Sunt
206 1491 323 1527 verba
345 1499 380 1526 et
404 1504 530 1537 voces,
557 1495 696 1540 quibus
717 1493 819 1531 hunc
838 1494 958 1533 lenire
979 1493 1161 1536 dolorem

89 1553 218 1598 Poffis,
240 1563 277 1591 et
296 1567 485 1606 magnam
507 1557 632 1593 morbi
654 1558 846 1606 deponere
866 1566 1032 1606 partem.
1109 1569 1160 1608 35
1212 1599 1213 1603 ,

86 1617 236 1655 Laudis
257 1631 388 1655 amore
409 1628 533 1657 tumes
551 1621 562 1654 ?
584 1619 684 1657 Sunt
697 1630 800 1658 certa
815 1620 984 1670 piacula,
1005 1633 1092 1670 quoe
1107 1629 1162 1667 te,

87 1681 170 1719 Ter
190 1696 283 1732 pure
303 1683 414 1727 leflo,
443 1694 624 1731 poterunt
644 1698 832 1729 recreare,
852 1684 999 1722 libello.

88 1747 265 1792 Invidus,
286 1748 509 1791 iracundus,
530 1748 644 1792 iners,
666 1747 833 1792 vinosus,
853 1757 1033 1793 amator3

86 1809 216 1848 Nemo
236 1811 333 1847 adeo
354 1809 457 1847 ferus
478 1810 542 1855 est,
563 1820 605 1847 ut
626 1824 704 1848 non
724 1811 921 1848 mitescere
941 1809 1066 1859 poffit,

88 1873 126 1910 Si
149 1874 269 1910 modo
283 1873 445 1911 culture-e
462 1875 675 1923 patientem
691 1875 920 1912 commodet
935 1885 1088 1911 aurem.
1108 1884 1162 1923 40
1214 1887 1215 1890 ¹

87 1937 223 1974 Virtus
244 1938 310 1983 est,
331 1938 472 1976 vitium
491 1937 628 1990 fugere
647 1953 657 1983 ;
687 1947 725 1976 et
743 1938 928 1986 sapientia
947 1937 1090 1987 prima,

89 2002 262 2040 Stultitia
282 2001 452 2040 caruiase.
510 2003 642 2046 Vides,
662 2014 751 2050 quae
771 2002 944 2040 maxima
962 2001 1089 2039 credis

87 2063 170 2104 Effe
186 2065 304 2113 mala,
320 2067 506 2121 exiguum
519 2065 688 2113 censum,
701 2074 936 2116 turpemque
951 2063 1162 2114 repulsam,

996 2127 1161 2190 Qanto
