1235 2365
125 138 202 177 216
457 139 524 195 Q
561 137 882 179 HORATII

119 236 357 286 Chrysippus
376 239 486 287 ponit
505 238 674 278 fecunda
691 238 731 275 in
749 246 865 290 gente
884 234 1055 276 Meneni.

118 298 284 348 Jupiter,
312 300 486 353 ingentes
507 302 575 350 qui
594 302 663 339 das
683 300 896 349 adimisque
915 300 1084 346 dolores,

117 361 265 405 (Mater
283 363 336 402 ait
355 365 464 413 pueri
483 365 628 403 menses
644 366 728 415 jam
746 365 918 413 quinque
933 365 1129 415 cubantis)

119 425 280 477 Frigida
298 426 324 464 fi
343 441 510 476 puerum
530 438 723 477 quartana
740 427 966 476 reliquerit;
993 427 1063 466 illo
1106 440 1184 479 290

119 488 239 527 Mane
259 490 334 536 die,
362 504 441 540 quo
461 502 505 530 tu
523 492 658 529 indicis
675 492 834 542 jejunia,
863 491 991 530 nudus

119 553 168 590 In
186 552 319 591 Tiberi
340 555 462 594 stabit.
518 556 637 593 Casus
658 554 875 593 medicusve
894 555 1034 594 levarit

117 615 291 668 AEgrum
311 631 354 656 ex
373 620 582 668 praecipiti5
611 629 737 657 mater
753 619 874 656 delira
891 621 1046 658 necabit

116 679 165 716 In
184 680 315 731 gelida
333 681 454 719 fixum
474 683 571 731 ripa,
599 682 817 730 febrimque
836 683 1008 721 reducet.
1101 695 1184 734 294

113 744 256 795 Quone
276 743 382 782 malo
401 754 574 783 mentem
593 743 796 783 concussa?
823 745 962 783 timore
982 746 1180 785 Deorum.

116 805 214 843 Haec
234 807 329 844 mihi
353 808 569 853 Stertinius,
597 808 813 857 sapientum
833 810 1003 855 oetavus,
1032 810 1162 848 amico

117 869 251 907 Arma
269 870 390 914 dedit,
418 871 573 920 posthac
593 884 640 908 ne
660 869 916 920 compellarer
934 870 1093 910 inultus.

116 932 271 971 Dixerit
290 933 465 971 insanum
485 934 552 982 qui
572 947 649 979 me,
678 933 842 970 totidem
861 932 994 970 audiet
1010 948 1021 978 3
1049 935 1168 983 atque

117 995 318 1045 Respicere
339 997 474 1049 ignoto
494 997 611 1034 discet
629 997 838 1046 pendentia
855 1005 981 1049 tergo.
1104 1010 1182 1048 299

117 1059 258 1105 Stoice,
288 1061 370 1110 post
389 1062 580 1099 damnum
600 1060 648 1098 fic
669 1060 814 1098 vendas
834 1061 967 1098 omnia
984 1059 1105 1110 pluris
1123 1075 1134 1098 ε

114 1125 210 1174 Qua
228 1139 290 1164 me
311 1125 469 1164 stultitia
488 1127 691 1175 (quoniam
709 1139 788 1164 non
807 1125 858 1164 est
878 1139 1000 1177 genus
1021 1133 1165 1178 unum)

115 1187 285 1226 Insanire
305 1199 418 1238 putas
436 1191 448 1227 ?
476 1203 549 1241 ego
568 1202 660 1226 nam
679 1189 814 1226 videor
833 1188 927 1226 mihi
947 1189 1073 1227 sanus,

114 1252 225 1305 Qid
241 1253 252 1289 ?
271 1262 390 1301 caput
403 1251 600 1290 absciss'um
614 1253 771 1289 demens
785 1265 876 1290 cum
892 1261 1024 1300 portat
1035 1252 1182 1306 Agave

119 1314 240 1352 Gnati
262 1313 437 1359 infelicis,
468 1315 534 1352 fibi
554 1324 639 1352 tum
658 1313 801 1351 furiosa
818 1314 972 1351 videtur
990 1316 1003 1352 ?

116 1378 291 1416 Stultum
311 1391 373 1416 me
392 1377 533 1423 fateor,
560 1377 689 1422 (liceat
709 1378 919 1415 concedere
937 1378 1067 1427 veris),
1102 1391 1179 1430 305
1200 1387 1209 1399 ³

114 1441 251 1489 Atque
278 1442 396 1479 etiam
416 1442 616 1479 insanum:
643 1451 799 1478 tantum
817 1440 890 1478 hoc
907 1438 1073 1486 ediffere,
1101 1453 1181 1490 quo

276 1518 339 1542 me

115 1568 327 1619 AEgrotare
348 1578 458 1617 putes
479 1568 597 1606 animi
618 1567 725 1605 vitio.
782 1566 958 1615 Accipe:
989 1566 1163 1615 primum

112 1631 326 1676 AEdificas;
354 1632 427 1669 hoc
449 1631 513 1676 est,
540 1632 680 1683 longos
700 1631 877 1674 imitaris,
906 1632 954 1668 ab
974 1630 1054 1667 imo

111 1695 181 1731 Ad
202 1695 401 1732 summum
420 1703 525 1732 totus
546 1694 695 1732 moduli
715 1692 927 1742 bipedalis:
961 1702 998 1730 et
1019 1693 1123 1731 idem

113 1759 286 1808 Corpore
306 1761 497 1809 majorem
517 1760 617 1796 rides
638 1757 834 1795 Turbonis
855 1757 894 1792 in
915 1757 1033 1793 armis
1102 1768 1180 1805 310

112 1823 298 1871 Spiritum
319 1833 356 1860 et
375 1821 555 1860 inceffum
574 1838 582 1859 :
614 1824 678 1870 qui
699 1820 885 1857 ridiculus
905 1820 1034 1856 minus
1058 1819 1153 1857 illo?

113 1888 182 1924 An
202 1888 464 1935 quodcunque
493 1885 587 1923 facit
616 1884 824 1928 Macenaffi
866 1892 903 1919 te
933 1894 1090 1930 quoque
1117 1895 1180 1920 ve-

269 1963 358 1987 rum
379 1949 442 1994 est,

107 2012 239 2051 Tanto
260 2012 496 2056 diffimilem,
526 2021 562 2048 et
582 2020 691 2048 tanto
712 2017 859 2046 certare
880 2007 1072 2046 minorem
1087 2006 1115 2045 ξ’

107 2077 288 2115 Absentis
308 2089 410 2114 ranae
430 2075 545 2126 pullis
567 2073 678 2111 vituli
703 2073 800 2122 pede
820 2070 962 2122 preflis,

1054 2131 1171 2170 Unus
