1235 2365
248 125 719 174 SATYRARUM
757 136 942 180 L1B.11.
1076 156 1153 200 227

0 233 24 264 {m
36 242 61 288 ²5
81 220 245 273 Semper
258 225 330 264 eris
350 228 495 269 derisor
511 233 520 270 Ξ
553 232 614 272 At
633 247 768 275 omnes
784 237 839 277 Di
860 239 1058 293 exagitent
1073 257 1149 285 me.

81 285 119 322 Si
139 287 371 338 quidquam.
384 293 518 348 Qid?
531 296 718 338 militibus
731 301 1147 355 promissaTriquetra‚
1204 332 1210 339 .

0 362 36 394 κῃ
77 346 229 390 Praedia
248 353 388 400 Caesar,
417 370 467 394 an
486 358 539 397 est
561 358 664 399 Itala
682 361 821 402 tellure
841 365 1034 408 daturus?
1097 373 1152 424 56

102 424 282 454 urantem
302 430 365 456 me
383 417 476 457 scire
495 421 605 476 nihii,
634 425 842 473 mirantur,
879 438 924 467 ut
938 443 1065 472 unum

0 555 56 601 332
107 545 256 584 erditur
270 546 352 585 haec
373 547 473 586 inter
491 549 629 589 misero
648 550 729 599 lux,
742 567 821 594 non
840 556 917 596 fine
937 560 1037 599 votis
1057 577 1067 601 ε
1089 576 1144 615 59

73 607 111 646 0
124 612 370 659 rus,quando
384 625 458 666 ego
470 622 506 652 te
517 614 720 665 aspiciam?
738 622 977 672 quandoque
999 624 1146 674 licebit,

112 685 188 713 unc
217 684 396 716 veterum
426 676 548 725 libris,
584 692 687 720 nunc
718 682 854 723 somno
887 697 926 725 et
957 687 1144 732 inertibus

232 738 352 787 horis,

115 831 228 859 ucere
247 818 419 860 sollicite-e
433 821 611 873 jucunda
630 820 775 861 oblivia
793 821 880 862 vitae
897 823 910 863 ?

13 885 36 925 35
67 884 106 924 Ο
127 884 286 934 quando
304 884 397 924 faba
416 885 648 939 Pythagorae
667 896 852 938 cognata,
880 887 1073 940 fimulque

49 959 51 963 ⁴
109 951 196 988 nc'ta
212 949 302 988 satis
321 949 459 1004 pingui
478 961 673 1001 ponentur
691 950 865 990 oluscula
882 951 1018 993 lardo?

44 1040 48 1051 ,ψ
62 1015 104 1061 10
117 1018 259 1061 ηοξὶεε,
269 1028 464 1064 coenaeque
478 1015 611 1053 Deum
627 1017 634 1051 !
652 1015 792 1064 quibus
806 1015 895 1065 ipse,
909 1017 1063 1067 meique
1084 1019 1109 1058 6
1112 1031 1136 1070 5

61 1068 63 1075 ‚
111 1090 174 1120 nte
188 1081 336 1119 Larem
350 1081 555 1130 proprium
566 1079 716 1125 vescor3
731 1080 940 1130 vernasque
953 1095 1138 1131 procaces

63 1134 184 1184 Pasco
203 1145 333 1189 libatis
353 1145 532 1195 dapibus.
590 1144 714 1181 Prout
733 1145 874 1192 cuique
889 1144 1011 1185 libido
1032 1146 1098 1193 est,

63 1209 193 1247 Siccat
212 1208 417 1258 inaequales
437 1208 575 1246 calices
595 1207 774 1252 conviva,
801 1207 950 1246 solutus

57 1273 238 1326 ¹Legibus
258 1273 395 1311 insanis
413 1287 424 1318 3
451 1271 517 1309 seu
535 1270 622 1320 quis
642 1271 747 1321 capit
765 1272 871 1310 acria
884 1271 996 1311 fortis

62 1339 225 1384 Pocula,
253 1338 318 1376 seu
337 1338 501 1376 modicis
515 1337 659 1375 uvescit
674 1337 810 1376 laetius.
868 1339 980 1392 Ergo
1080 1352 1132 1393 70

64 1404 199 1441 Sermo
213 1403 350 1447 oritur,
379 1414 459 1440 non
479 1401 526 1439 de
545 1400 647 1438 villis
668 1401 894 1439 domibusve
914 1401 1058 1442 alienis.

0 1457 17 1483 ³³
32 1499 37 1507 ,,
60 1467 143 1506 Nec
164 1465 266 1504 male
285 1479 405 1505 necne
419 1465 550 1516 Lepos
570 1464 704 1503 saltet:
729 1465 791 1504 sed
813 1466 921 1514 quod
934 1469 1061 1521 magis
1080 1470 1133 1509 ad

52 1521 53 1535 ¹
223 1544 293 1569 nos

0 1584 11 1623 >¹
30 1608 33 1633 J
55 1594 243 1639 Pertinet,
253 1604 290 1633 et
303 1594 443 1633 nescire
457 1593 609 1634 malum
623 1593 687 1639 est,
701 1594 915 1647 agitamus:
932 1595 1132 1636 Utrumne

29 1681 31 1687 ι
56 1659 217 1698 Divitiis
237 1659 429 1704 homines,
459 1672 508 1696 an
529 1659 601 1696 sint
618 1659 764 1697 virtute
783 1659 886 1697 beati
903 1674 912 1697 ε
1078 1673 1131 1711 74

56 1723 215 1777 Qidve
235 1724 285 1761 ad
305 1723 510 1767 amicitias,
540 1723 628 1761 usus
649 1725 860 1768 rectumne,
891 1722 1022 1761 ttahat
1041 1736 1127 1762 nos:

56 1786 111 1825 Et
126 1800 213 1836 quae
226 1786 272 1824 fit
289 1795 431 1824 natura
446 1786 550 1831 boni,
571 1786 848 1834 summumque
868 1786 965 1834 quid
985 1787 1080 1837 ejus.

55 1851 218 1889 Cervius
238 1851 317 1889 hcec
339 1851 438 1889 inter
458 1850 605 1887 vicinus
626 1850 751 1902 garrit
766 1849 886 1886 aniles

52 1915 116 1952 Ex
136 1929 175 1953 re
196 1915 371 1954 fabellas.
428 1915 534 1952 Nam
554 1914 580 1950 fi
601 1914 686 1962 quis
705 1912 843 1951 laudat
866 1911 995 1951 Arelli

54 1982 251 2021 Sollicitas
272 1982 431 2034 ignarus
452 1994 558 2030 opes,
588 1979 636 2017 {ic
659 1979 818 2029 incipit:
851 1977 962 2016 Olim

55 2047 234 2086 Rusticus
255 2046 452 2085 urbanum
465 2057 620 2084 murem
634 2056 721 2082 mus
738 2056 908 2094 paupere
928 2041 1054 2081 fertur
1075 2041 1126 2081 80

1000 2106 1127 2145 Acce-

0 1139 27 1168 a:

0 1206 25 1242 40

0 1318 21 1358 iz
