1235 2365
187 127 652 174 SATYRARUM
696 128 872 171 Lan.
1020 139 1095 179 225

317 361 658 404 SATYRA
719 361 800 404 VI.

141 485 214 527 OC
232 494 315 525 erat
335 485 374 524 in
392 485 494 524 votis
511 499 521 524 ε
546 484 687 524 modos
707 484 792 537 agri
813 476 891 522 non
910 483 963 522 ita
981 497 1094 538 mag-

298 567 386 599 nuS,

21 617 177 657 Hortus
197 617 277 663 ubi,
308 626 347 656 et
365 619 464 655 teeto
484 617 634 656 vicinus
648 617 754 669 jugis
775 630 887 666 aquae
905 615 1008 660 fons,

20 682 74 721 Et
93 681 256 732 paulum
275 681 378 720 filvae
397 682 508 731 super
523 682 584 719 his
596 681 712 719 foret.
770 682 956 726 Annius,
975 691 1092 731 atque

17 745 74 784 Di
94 745 233 783 melius
251 744 390 784 fecere.
449 745 554 784 Bene
574 746 649 784 est:
679 745 776 783 nihil
794 746 963 795 amplius
983 759 1068 790 oro,

19 808 129 848 Maia
139 819 242 854 nate,
258 809 325 847 nifi
340 819 383 847 ut
394 811 553 860 propria
563 810 648 848 haec
662 811 758 849 mihi
771 824 935 848 munera
944 810 1054 849 faxis.
1069 821 1093 861 5

22 873 60 911 Si
81 886 202 924 neque
222 875 414 924 majorem
432 872 507 911 feci
525 875 675 912 ratione
696 875 802 912 mala
821 888 920 920 rem,

20 936 102 976 Nec
122 938 206 975 sum
224 937 393 975 faeturus
414 939 509 975 vitio
529 939 692 988 culpave
712 940 932 984 minorem3

21 1001 61 1039 Si
81 1014 244 1038 veneror
267 1001 398 1039 stultus
418 1002 515 1040 nihil
537 1003 693 1047 horum,
725 1002 761 1040 O
782 1003 809 1039 fi
829 1001 999 1054 angulus
1021 1001 1086 1041 ille

21 1064 230 1103 Proximus
251 1066 426 1110 accedat,
457 1066 523 1114 qui
543 1079 646 1103 nunc
664 1067 872 1103 denormat
892 1066 1090 1117 agellum!

20 1128 57 1166 O
77 1129 99 1165 fi
115 1143 257 1167 urnam
270 1130 423 1181 argenti
436 1127 517 1166 fors
533 1142 616 1177 quae
631 1129 726 1166 mihi
741 1129 944 1167 monstret!
967 1139 1012 1167 ut
1025 1129 1095 1175 illi,

19 1191 222 1230 Thesauro
241 1193 399 1230 invento
420 1193 486 1240 qui
506 1193 769 1230 mercenarius
790 1206 934 1244 agrum
1048 1205 1061 1230 1
1075 1205 1089 1230 1

19 1253 141 1293 Illum
160 1255 286 1304 ipsum
307 1265 505 1293 mercatus
528 1256 668 1299 aravit,
699 1256 806 1293 dives
828 1256 958 1293 amico

20 1317 198 1358 Hercule
206 1334 218 1364 3
238 1318 279 1364 sn,
300 1321 408 1369 quod
421 1318 540 1364 adest,
553 1329 715 1372 gratum
726 1322 842 1370 juvat
850 1336 861 1366 ;
881 1321 954 1358 hac
974 1334 1094 1370 prece

184 1391 222 1423 te
242 1396 327 1428 oro,
1017 1373 1023 1379 ’

18 1446 170 1498 Pingue
185 1459 304 1495 pecus
325 1445 486 1483 domino
505 1445 640 1491 facias,
665 1456 702 1485 et
723 1456 861 1496 caetera
880 1456 1021 1497 praeter
1047 1460 1095 1498 14

21 1508 250 1561 Ingenium:
268 1518 389 1558 utque
401 1509 512 1555 soles,
526 1510 649 1548 custos
664 1511 759 1549 mihi
773 1512 967 1550 maximus
981 1512 1093 1550 adfis.

19 1573 131 1626 Ergo
143 1574 210 1612 ubi
223 1587 286 1611 me
299 1574 338 1611 in
352 1582 503 1612 montes
518 1584 554 1612 et
566 1575 605 1612 in
621 1589 752 1614 arcem
766 1589 810 1613 ex
823 1577 918 1613 urbe
931 1576 1097 1624 removi,

19 1639 132 1692 Quid
149 1639 256 1688 prius
277 1638 464 1676 illustrem
487 1638 637 1688 Satyris
654 1638 845 1688 Musaque
865 1640 1057 1689 pedestri?

18 1701 101 1741 Nec
110 1701 216 1740 mala
228 1715 291 1740 me
307 1703 470 1741 ambitio
478 1703 697 1752 perdit,nec
713 1704 921 1753 plumbeus
934 1704 1095 1750 Auster,

19 1766 327 1815 Autumnusque
343 1765 489 1818 gravi5‚
519 1766 701 1804 Libitinae
722 1768 887 1816 quaestus
904 1770 1066 1806 acerbae.

20 1828 219 1868 Matutine
233 1838 358 1879 pater,
386 1828 451 1867 seu
470 1830 566 1877 Jane
585 1829 768 1870 libentius
788 1831 915 1877 audis,
1044 1843 1095 1870 20

21 1893 140 1932 Unde
158 1892 336 1930 homines
356 1905 519 1942 operum
533 1894 680 1942 primos
698 1894 867 1944 vitaeque
887 1894 1040 1932 labores

21 1956 249 2002 Instituunt,
275 1956 341 2002 (fic
361 1957 436 1994 Dis
454 1957 675 2008 placitum),
704 1968 748 1996 tu
768 1958 951 1998 carminis
972 1958 1049 1996 esto

19 2019 276 2069 Principium.
335 2019 470 2060 Romae
491 2021 714 2071 sponsorem
728 2035 792 2062 me
805 2022 908 2072 rapis
925 2036 934 2060 ε
966 2021 1055 2067 Eia,

21 2081 82 2131 Ne
95 2084 204 2142 prior
221 2083 348 2128 officio
363 2084 570 2136 quisquam
583 2085 828 2139 respondeat,
854 2099 953 2140 urge
978 2100 988 2124 :

998 2148 1092 2188 Sive
