1235 2365
76 144 147 191 148
397 143 456 198 Q
498 140 829 182 HORAT11

343 312 690 355 CARMEN
748 310 867 355 XIV.

293 427 366 466 An
423 425 924 466 MAECENATEM.

216 509 278 548 01.
286 524 346 547 ms
368 511 506 549 inertia
524 525 594 549 cur
613 520 764 550 tantam
785 510 988 550 diffuderit
1006 510 1093 550 imis

242 572 491 611 Oblivionem
509 573 689 618 senfibus,

73 635 220 673 Pocula
242 635 419 672 Lethaeos
440 645 483 672 ut
501 635 528 672 fi
549 635 731 672 ducentia
749 635 904 673 somnos

125 699 278 737 Arente
297 697 409 736 fauce
429 698 629 742 traxerim,

73 762 248 800 Candide
270 762 477 806 Macenas,
507 762 649 801 occidis
667 761 764 811 saepe
782 761 975 813 rogando.
1114 774 1137 812 5

126 825 251 868 Deus,
281 825 391 862 Deus
411 838 503 862 nam
524 839 586 862 me
606 834 713 862 vetat

75 889 272 937 Incept05‚
302 887 397 925 olim
417 887 641 937 promifi'um
663 900 836 933 carmen,
865 888 1016 926 iambos

127 952 198 988 Ad
218 950 450 988 umbilicum
470 951 677 988 adducere.

74 1014 164 1052 Non
185 1014 294 1051 aliter
318 1014 449 1051 Samio
470 1014 605 1051 dicunt
625 1011 744 1051 arfiffe
766 1011 952 1061 Bathyllo

127 1078 383 1114 Anacreonta
402 1075 546 1113 Teium
563 1091 573 1121 3
1093 1086 1141 1115 10
1207 1071 1209 1077 ¹

75 1141 155 1194 Qi
177 1140 341 1189 perficpe
363 1152 458 1176 cava
477 1138 663 1176 testudine
683 1137 788 1176 flevit
807 1149 983 1175 amorem

128 1203 219 1240 Non
239 1202 482 1239 ehboratum
504 1202 552 1238 ad
573 1201 727 1249 pedem.

76 1267 209 1303 Ureris
230 1266 304 1314 ipse
324 1264 435 1301 miser
452 1278 460 1300 :
492 1265 598 1311 quod
620 1263 645 1300 fi
665 1275 743 1301 non
762 1261 961 1312 pulchrior
979 1261 1080 1314 ignis

128 1327 325 1365 Accendit
344 1325 526 1364 obsessam
547 1326 663 1370 Ilion,

77 1391 218 1428 Gaude
238 1391 336 1427 sorte
355 1399 436 1427 tua.
494 1388 560 1426 Me
579 1388 773 1435 libertina,
800 1403 926 1440 neque
945 1400 1025 1427 uno
1094 1398 1141 1439 15
1189 1412 1194 1414 v
1226 1394 1227 1397 ’

130 1454 339 1499 Contenta,
370 1453 525 1502 Phryne
546 1461 732 1490 macerat.

355 1627 702 1669 CARMEN
760 1628 858 1669 XV.

365 1731 441 1770 AD
497 1730 863 1770 NEAERAM.
935 1731 951 1753 ⁹
1213 1675 1235 1827 i

199 1817 276 1855 ΟΧ
297 1809 392 1861 erat,
422 1825 459 1853 et
479 1814 576 1853 coelo
595 1814 774 1867 fulgebat
791 1814 886 1853 luna
903 1814 1036 1853 sereno

252 1883 360 1921 Inter
381 1882 533 1920 minora
552 1881 675 1919 fidera
693 1896 704 1926 ;

78 1948 182 1984 Cum
201 1955 259 1990 tu,
289 1957 527 1997 magnorum
546 1957 692 1984 numen
710 1943 847 1983 laesura
865 1943 1060 1985 Deorum,

134 2011 180 2047 In
200 2010 316 2047 verba
335 2009 489 2059 jurabas
511 2020 613 2053 mea,

988 2054 1145 2099 Arekius
1223 2079 1225 2081 -

1216 2117 1233 2159 ,ῒ

1197 2158 1235 2365 ,ἔ
