1235 2365
255 147 703 188 SATYRARUM
745 148 839 187 Lm.
870 148 928 187 11.
1031 161 1106 202 213

44 251 195 298 Nempe
210 257 293 294 tuo,
314 247 454 286 furiose
472 251 481 285 l
515 247 621 293 Meo,
640 247 704 286 sed
723 260 803 285 non
821 246 1000 286 furiosus.

41 317 124 370 Qi
142 314 282 365 species
304 312 397 349 alias
417 312 513 357 veri,
540 311 763 361 scelerisque
783 312 958 350 tumultu

42 378 262 421 Permistas,
290 375 429 424 capiet,
459 384 681 412 commotus
700 374 932 412 habebitur:
964 384 1082 424 atque

47 439 270 479 Stultitiane
292 447 406 481 erret,
437 437 601 475 nihilum
623 438 790 482 distabit,
820 451 868 475 an
888 438 958 475 ira.
1034 450 1110 476 210

41 502 164 554 Ajax,
193 512 285 539 cum
304 498 519 538 immeritos
540 499 696 544 occidit,
727 498 876 550 desipit,
905 499 1058 552 agnos?

41 565 145 605 Cum
165 563 334 615 prudens
353 560 474 600 scelus
495 562 544 600 ob
563 560 698 601 titulos
719 562 894 601 admittis
910 564 1056 609 inanes,

43 631 130 669 Stas
151 628 282 668 anImo
300 628 312 666 ?
341 626 395 664 Et
414 639 558 676 purum
578 625 643 672 est,
672 626 767 664 vitio
787 626 856 666 tibi
878 639 968 666 cum
993 627 1112 666 tumi-

205 692 301 730 dum
322 689 373 729 est
393 703 459 728 cor
476 690 488 728 ?

45 756 82 796 Si
103 755 188 805 quis
208 754 342 793 {celica
360 753 526 792 nitidam
546 752 692 806 gestare
712 762 818 792 amet
837 767 983 807 agnam
1002 769 1011 799 3
1035 765 1113 804 214

41 819 150 858 Huic
158 817 365 862 vestem,ut
372 826 516 868 g1125tae,
527 825 637 865 paret
650 816 809 855 ancillas
814 826 942 866 ,paret
949 830 1110 863 aurum;

40 883 196 926 Pusam,
225 889 293 919 aut
311 879 491 930 pufillam
511 879 693 928 appenet,
721 878 892 930 fortique
912 880 1055 918 marito

40 945 218 984 Destinet
233 955 398 982 uxorem
415 959 424 988 ;
441 943 642 980 ἱῃῖετάἰέὶο
657 942 747 981 huic
761 957 876 981 omne
890 943 1112 994 adimatjus

41 1007 203 1051 Praetor,
233 1015 271 1044 et
290 1006 341 1043 ad
359 1006 470 1043 sanos
490 1006 603 1043 abeat
624 1005 749 1043 tutela
768 1007 1023 1055 propinquos,

39 1073 150 1125 Qid
168 1073 180 1110 ?
208 1071 234 1108 fi
257 1071 342 1120 quis
363 1080 525 1123 gnatam
547 1084 617 1119 pro
637 1081 749 1109 muta
769 1072 934 1109 devovet
956 1085 1073 1124 agna,

41 1134 200 1186 Integer
215 1132 266 1171 est
281 1133 421 1171 animi?
437 1133 494 1170 Ne
509 1133 662 1170 dixeris.
694 1133 804 1185 Ergo
818 1134 883 1170 ubi
898 1147 1018 1182 prava
1036 1146 1054 1170 2
1065 1146 1113 1171 20

47 1197 234 1240 Stultitia,
263 1194 326 1233 hic
346 1195 500 1233 summa
519 1195 568 1232 est
590 1195 756 1232 insania:
789 1197 854 1244 qui
875 1196 1096 1242 sceleratus,

43 1259 96 1296 Et
115 1259 280 1296 furiosus
300 1259 384 1296 erit.
442 1259 575 1311 Qtem
596 1259 696 1307 cepit
716 1259 840 1296 vitrea
859 1259 980 1305 fama,

44 1322 164 1361 Hunc
186 1322 466 1360 &rcumfionuit
484 1322 658 1373 gaudens
681 1321 844 1359 Bellona
864 1323 1046 1361 cruentis.

41 1385 171 1431 Nunc,
193 1399 279 1437 age,
299 1385 495 1422 luxuriam
515 1394 553 1422 et
573 1384 866 1422 Nomentanum
888 1387 1013 1436 arripe
1034 1399 1115 1424 me-

201 1463 292 1487 cum
313 1465 321 1486 ε

40 1513 181 1550 Vincet
201 1514 303 1550 enim
326 1512 460 1549 stultos
480 1512 580 1550 ratio
601 1512 760 1550 insanire
781 1523 953 1563 nepe-tes·
1035 1527 1110 1566 225'

40 1576 119 1614 Hic
140 1576 252 1614 fimul
272 1577 421 1625 accepit
441 1577 653 1625 patrimoni
677 1566 784 1614 misse
799 1578 960 1624 talenta,

40 1639 186 1684 Edicit,
216 1640 380 1688 piscator
404 1640 472 1683 uti,
502 1640 716 1688 pomarius,
746 1654 900 1690 auceps,

41 1702 353 1754 UngueMarius,
384 1716 427 1739 ac
448 1702 565 1739 Tusci
585 1704 701 1740 turba
720 1703 842 1752 impia
860 1704 949 1749 vici,

39 1765 143 1802 Cum
160 1765 296 1802 scurris
309 1764 447 1809 fartor,
463 1779 555 1803 cum
571 1765 741 1803 Velabro
756 1779 872 1804 omne
884 1766 1110 1814 macellum,

39 1827 160 1866 Mane
180 1829 345 1866 domum
366 1829 536 1866 veniant.
591 1829 701 1882 Qid
722 1830 835 1867 tum?
867 1830 1016 1868 Venere
1036 1830 1111 1868 fre-

207 1901 383 1939 quenteS.

39 1953 363 1992 Verbafacitleno
373 1970 382 1992 ε
391 1955 598 2009 Qidquid
605 1955 916 2006 mihi‚quidquid
923 1957 1110 1997 ethorum

39 2017 192 2068 Cuique
206 2018 314 2055 domi
329 2018 393 2062 est,
414 2019 454 2057 id
468 2019 581 2058 crede
596 2028 711 2058 tuum
727 2035 737 2065 3
759 2029 796 2059 et
811 2020 874 2060 vel
888 2034 992 2059 nunc
1008 2031 1111 2071 pete,

200 2079 263 2120 vel
283 2093 381 2121 cras·

945 2136 1111 2187 Accipe,
