<?xml version="1.0" encoding="UTF-8"?>
<!DOCTYPE html PUBLIC "-//W3C//DTD XHTML 1.0 Transitional//EN"
    "http://www.w3.org/TR/xhtml1/DTD/xhtml1-transitional.dtd">
<html xmlns="http://www.w3.org/1999/xhtml" xml:lang="en" lang="en">
 <head>
  <title>
</title>
<meta http-equiv="Content-Type" content="text/html;charset=utf-8" />
  <meta name='ocr-system' content='tesseract 3.04.00' />
  <meta name='ocr-capabilities' content='ocr_page ocr_carea ocr_par ocr_line ocrx_word'/>
</head>
<body>
  <div class='ocr_page' id='page_1' title='image "./operaomniaadopti00horauoft_0078.png"; bbox 0 0 1235 2365; ppageno 0'>
   <div class='ocr_carea' id='block_1_1' title="bbox 113 115 892 174">
    <p class='ocr_par' dir='ltr' id='par_1_1' title="bbox 113 115 892 174">
     <span class='ocr_line' id='line_1_1' title="bbox 113 115 892 174; baseline -0.001 -13"><span class='ocrx_word' id='word_1_1' title='bbox 113 127 171 172; x_wconf 55' lang='grc' dir='ltr'><strong>ῃ</strong></span> <span class='ocrx_word' id='word_1_2' title='bbox 451 116 521 174; x_wconf 76' lang='lat' dir='ltr'>Q</span> <span class='ocrx_word' id='word_1_3' title='bbox 555 115 892 160; x_wconf 64' lang='lat' dir='ltr'>HonAru</span> 
     </span>
    </p>
   </div>
   <div class='ocr_carea' id='block_1_2' title="bbox 409 302 898 350">
    <p class='ocr_par' dir='ltr' id='par_1_2' title="bbox 409 302 898 350">
     <span class='ocr_line' id='line_1_2' title="bbox 409 302 898 350; baseline 0.008 -5"><span class='ocrx_word' id='word_1_4' title='bbox 409 302 758 348; x_wconf 87' lang='lat' dir='ltr'>CARMEN</span> <span class='ocrx_word' id='word_1_5' title='bbox 815 306 898 350; x_wconf 88' lang='lat' dir='ltr'>IV.</span> 
     </span>
    </p>
   </div>
   <div class='ocr_carea' id='block_1_3' title="bbox 360 426 945 469">
    <p class='ocr_par' dir='ltr' id='par_1_3' title="bbox 360 426 945 469">
     <span class='ocr_line' id='line_1_3' title="bbox 360 426 945 469; baseline 0.007 -4"><span class='ocrx_word' id='word_1_6' title='bbox 360 426 436 466; x_wconf 82' lang='lat' dir='ltr'>An</span> <span class='ocrx_word' id='word_1_7' title='bbox 491 427 945 469; x_wconf 88' lang='lat' dir='ltr'><strong>CALLIOPEN.</strong></span> 
     </span>
    </p>
   </div>
   <div class='ocr_carea' id='block_1_4' title="bbox 117 524 1039 958">
    <p class='ocr_par' dir='ltr' id='par_1_4' title="bbox 117 524 1039 958">
     <span class='ocr_line' id='line_1_4' title="bbox 237 524 931 580; baseline 0.004 -16"><span class='ocrx_word' id='word_1_8' title='bbox 237 524 430 564; x_wconf 61' lang='lat' dir='ltr'><strong>Escennn</strong></span> <span class='ocrx_word' id='word_1_9' title='bbox 453 525 566 571; x_wconf 89' lang='lat' dir='ltr'>coelo,</span> <span class='ocrx_word' id='word_1_10' title='bbox 595 536 635 564; x_wconf 88' lang='lat' dir='ltr'>et</span> <span class='ocrx_word' id='word_1_11' title='bbox 653 527 715 566; x_wconf 91' lang='lat' dir='ltr'>dic</span> <span class='ocrx_word' id='word_1_12' title='bbox 735 541 808 580; x_wconf 86' lang='lat' dir='ltr'>age</span> <span class='ocrx_word' id='word_1_13' title='bbox 828 528 931 567; x_wconf 77' lang='lat' dir='ltr'>tibia-</span> 
     </span>
     <span class='ocr_line' id='line_1_5' title="bbox 295 593 1039 646; baseline 0.009 -16"><span class='ocrx_word' id='word_1_14' title='bbox 295 593 448 645; x_wconf 76' lang='lat' dir='ltr'>Regina</span> <span class='ocrx_word' id='word_1_15' title='bbox 466 593 648 646; x_wconf 81' lang='lat' dir='ltr'>longum,</span> <span class='ocrx_word' id='word_1_16' title='bbox 666 595 859 646; x_wconf 79' lang='lat' dir='ltr'>Calliope,</span> <span class='ocrx_word' id='word_1_17' title='bbox 876 594 999 636; x_wconf 88' lang='lat' dir='ltr'>melos</span> <span class='ocrx_word' id='word_1_18' title='bbox 1015 611 1039 645; x_wconf 78' lang='lat'>3.</span> 
     </span>
     <span class='ocr_line' id='line_1_6' title="bbox 173 659 789 703; baseline 0.003 -8"><span class='ocrx_word' id='word_1_19' title='bbox 173 659 249 695; x_wconf 88' lang='lat' dir='ltr'>Seu</span> <span class='ocrx_word' id='word_1_20' title='bbox 269 670 365 694; x_wconf 81' lang='lat' dir='ltr'>voce</span> <span class='ocrx_word' id='word_1_21' title='bbox 387 671 490 695; x_wconf 87' lang='lat' dir='ltr'>nunc</span> <span class='ocrx_word' id='word_1_22' title='bbox 512 659 637 695; x_wconf 88' lang='lat' dir='ltr'>mavis</span> <span class='ocrx_word' id='word_1_23' title='bbox 658 669 789 703; x_wconf 86' lang='lat' dir='ltr'>acuta,</span> 
     </span>
     <span class='ocr_line' id='line_1_7' title="bbox 227 718 878 765; baseline 0.008 -8"><span class='ocrx_word' id='word_1_24' title='bbox 227 722 302 758; x_wconf 84' lang='lat' dir='ltr'>Seu</span> <span class='ocrx_word' id='word_1_25' title='bbox 322 718 478 765; x_wconf 71' lang='lat' dir='ltr'>fidibus,</span> <span class='ocrx_word' id='word_1_26' title='bbox 508 720 706 760; x_wconf 84' lang='lat' dir='ltr'>citharave</span> <span class='ocrx_word' id='word_1_27' title='bbox 728 722 878 762; x_wconf 88' lang='lat' dir='ltr'>Phoebi.</span> 
     </span>
     <span class='ocr_line' id='line_1_8' title="bbox 117 782 794 822; baseline 0.001 -1"><span class='ocrx_word' id='word_1_28' title='bbox 117 782 280 821; x_wconf 85' lang='lat' dir='ltr'>Auditis</span> <span class='ocrx_word' id='word_1_29' title='bbox 299 783 311 820; x_wconf 74' lang='grc' dir='ltr'><strong><em>ἓ</em></strong></span> <span class='ocrx_word' id='word_1_30' title='bbox 340 796 391 820; x_wconf 90' lang='lat' dir='ltr'>an</span> <span class='ocrx_word' id='word_1_31' title='bbox 411 797 473 820; x_wconf 88' lang='lat' dir='ltr'>me</span> <span class='ocrx_word' id='word_1_32' title='bbox 492 783 595 822; x_wconf 89' lang='lat' dir='ltr'>ludit</span> <span class='ocrx_word' id='word_1_33' title='bbox 615 785 794 822; x_wconf 83' lang='lat' dir='ltr'>amabilis</span> 
     </span>
     <span class='ocr_line' id='line_1_9' title="bbox 117 846 829 898; baseline 0.003 -14"><span class='ocrx_word' id='word_1_34' title='bbox 117 846 299 884; x_wconf 84' lang='lat' dir='ltr'>Insania?</span> <span class='ocrx_word' id='word_1_35' title='bbox 327 846 497 891; x_wconf 84' lang='lat' dir='ltr'>Audire,</span> <span class='ocrx_word' id='word_1_36' title='bbox 527 856 564 885; x_wconf 88' lang='lat' dir='ltr'>et</span> <span class='ocrx_word' id='word_1_37' title='bbox 583 848 719 885; x_wconf 84' lang='lat' dir='ltr'>videor</span> <span class='ocrx_word' id='word_1_38' title='bbox 741 849 829 898; x_wconf 89' lang='lat' dir='ltr'>pios</span> 
     </span>
     <span class='ocr_line' id='line_1_10' title="bbox 175 909 739 958; baseline 0.004 -12"><span class='ocrx_word' id='word_1_39' title='bbox 175 910 320 947; x_wconf 83' lang='lat' dir='ltr'>Errare</span> <span class='ocrx_word' id='word_1_40' title='bbox 337 922 404 958; x_wconf 87' lang='lat' dir='ltr'>per</span> <span class='ocrx_word' id='word_1_41' title='bbox 423 909 549 955; x_wconf 86' lang='lat' dir='ltr'>lucos,</span> <span class='ocrx_word' id='word_1_42' title='bbox 579 924 739 948; x_wconf 87' lang='lat' dir='ltr'>amoenae</span> 
     </span>
    </p>
   </div>
   <div class='ocr_carea' id='block_1_5' title="bbox 119 973 938 1088">
    <p class='ocr_par' dir='ltr' id='par_1_5' title="bbox 119 973 938 1088">
     <span class='ocr_line' id='line_1_11' title="bbox 226 973 938 1027; baseline 0.007 -18"><span class='ocrx_word' id='word_1_43' title='bbox 226 973 340 1027; x_wconf 86' lang='lat' dir='ltr'>Qos</span> <span class='ocrx_word' id='word_1_44' title='bbox 361 982 398 1011; x_wconf 87' lang='lat' dir='ltr'>et</span> <span class='ocrx_word' id='word_1_45' title='bbox 418 986 526 1021; x_wconf 85' lang='lat' dir='ltr'>aquae</span> <span class='ocrx_word' id='word_1_46' title='bbox 546 974 724 1019; x_wconf 83' lang='lat' dir='ltr'>subeunt,</span> <span class='ocrx_word' id='word_1_47' title='bbox 754 984 792 1013; x_wconf 89' lang='lat' dir='ltr'>et</span> <span class='ocrx_word' id='word_1_48' title='bbox 811 989 938 1014; x_wconf 82' lang='lat' dir='ltr'>aurae..</span> 
     </span>
     <span class='ocr_line' id='line_1_12' title="bbox 119 1034 857 1088; baseline 0.001 -12"><span class='ocrx_word' id='word_1_49' title='bbox 119 1035 188 1076; x_wconf 84' lang='lat' dir='ltr'>Me</span> <span class='ocrx_word' id='word_1_50' title='bbox 209 1034 391 1073; x_wconf 71' lang='lat' dir='ltr'>fabulosae</span> <span class='ocrx_word' id='word_1_51' title='bbox 412 1036 581 1075; x_wconf 90' lang='lat' dir='ltr'>Vulture</span> <span class='ocrx_word' id='word_1_52' title='bbox 602 1038 641 1075; x_wconf 88' lang='lat' dir='ltr'>in</span> <span class='ocrx_word' id='word_1_53' title='bbox 663 1038 857 1088; x_wconf 88' lang='lat' dir='ltr'>Appulo,.</span> 
     </span>
    </p>
   </div>
   <div class='ocr_carea' id='block_1_6' title="bbox 120 1099 1009 2100">
    <p class='ocr_par' dir='ltr' id='par_1_6' title="bbox 125 1099 785 1215">
     <span class='ocr_line' id='line_1_13' title="bbox 125 1099 753 1150; baseline -0.002 -10"><span class='ocrx_word' id='word_1_54' title='bbox 125 1100 293 1140; x_wconf 82' lang='lat' dir='ltr'>Altricis</span> <span class='ocrx_word' id='word_1_55' title='bbox 315 1110 422 1137; x_wconf 81' lang='lat' dir='ltr'>extra</span> <span class='ocrx_word' id='word_1_56' title='bbox 440 1099 560 1138; x_wconf 88' lang='lat' dir='ltr'>limen</span> <span class='ocrx_word' id='word_1_57' title='bbox 580 1100 753 1150; x_wconf 83' lang='lat' dir='ltr'>Apuliae,</span> 
     </span>
     <span class='ocr_line' id='line_1_14' title="bbox 169 1162 785 1215; baseline -0.002 -13"><span class='ocrx_word' id='word_1_58' title='bbox 169 1163 290 1202; x_wconf 87' lang='lat' dir='ltr'>Ludo</span> <span class='ocrx_word' id='word_1_59' title='bbox 309 1162 602 1215; x_wconf 81' lang='lat' dir='ltr'>fatigatumque</span> <span class='ocrx_word' id='word_1_60' title='bbox 622 1165 785 1210; x_wconf 74' lang='lat' dir='ltr'><strong>somno„</strong></span> 
     </span>
    </p>

    <p class='ocr_par' dir='ltr' id='par_1_7' title="bbox 120 1227 960 1410">
     <span class='ocr_line' id='line_1_15' title="bbox 227 1227 919 1276; baseline 0.003 -12"><span class='ocrx_word' id='word_1_61' title='bbox 227 1227 381 1264; x_wconf 85' lang='lat' dir='ltr'>Fronde</span> <span class='ocrx_word' id='word_1_62' title='bbox 403 1240 506 1264; x_wconf 83' lang='lat' dir='ltr'>nova</span> <span class='ocrx_word' id='word_1_63' title='bbox 527 1241 692 1276; x_wconf 84' lang='lat' dir='ltr'>puerum</span> <span class='ocrx_word' id='word_1_64' title='bbox 714 1227 919 1276; x_wconf 78' lang='lat' dir='ltr'>palumbes</span> 
     </span>
     <span class='ocr_line' id='line_1_16' title="bbox 121 1290 960 1339; baseline 0 -9"><span class='ocrx_word' id='word_1_65' title='bbox 121 1290 273 1330; x_wconf 77' lang='lat' dir='ltr'>Texere</span> <span class='ocrx_word' id='word_1_66' title='bbox 292 1306 300 1328; x_wconf 94' lang='lat'><strong>:</strong></span> <span class='ocrx_word' id='word_1_67' title='bbox 332 1291 478 1328; x_wconf 86' lang='lat' dir='ltr'>mirum</span> <span class='ocrx_word' id='word_1_68' title='bbox 501 1291 608 1339; x_wconf 86' lang='lat' dir='ltr'>quod</span> <span class='ocrx_word' id='word_1_69' title='bbox 627 1290 729 1328; x_wconf 85' lang='lat' dir='ltr'>foret</span> <span class='ocrx_word' id='word_1_70' title='bbox 749 1292 960 1338; x_wconf 56' lang='lat' dir='ltr'>omnibus,</span> 
     </span>
     <span class='ocr_line' id='line_1_17' title="bbox 120 1354 938 1410; baseline 0 -18"><span class='ocrx_word' id='word_1_71' title='bbox 120 1357 359 1410; x_wconf 82' lang='lat' dir='ltr'>Qicunque</span> <span class='ocrx_word' id='word_1_72' title='bbox 380 1354 484 1392; x_wconf 77' lang='lat' dir='ltr'>celsae</span> <span class='ocrx_word' id='word_1_73' title='bbox 505 1354 938 1400; x_wconf 67' lang='lat' dir='ltr'>nidumAcherontiae,</span> 
     </span>
    </p>

    <p class='ocr_par' dir='ltr' id='par_1_8' title="bbox 176 1417 865 1466">
     <span class='ocr_line' id='line_1_18' title="bbox 176 1417 865 1466; baseline -0.003 -10"><span class='ocrx_word' id='word_1_74' title='bbox 176 1417 378 1466; x_wconf 77' lang='lat' dir='ltr'>Saltusque</span> <span class='ocrx_word' id='word_1_75' title='bbox 403 1417 606 1463; x_wconf 81' lang='lat' dir='ltr'>Bantinos,</span> <span class='ocrx_word' id='word_1_76' title='bbox 635 1427 674 1456; x_wconf 87' lang='lat' dir='ltr'>et</span> <span class='ocrx_word' id='word_1_77' title='bbox 693 1429 835 1454; x_wconf 89' lang='lat' dir='ltr'>arvum</span> <span class='ocrx_word' id='word_1_78' title='bbox 860 1438 865 1441; x_wconf 60' lang='lat'><em>&gt;</em></span> 
     </span>
    </p>

    <p class='ocr_par' dir='ltr' id='par_1_9' title="bbox 123 1480 1009 1659">
     <span class='ocr_line' id='line_1_19' title="bbox 230 1480 925 1534; baseline 0 -15"><span class='ocrx_word' id='word_1_79' title='bbox 230 1482 380 1534; x_wconf 86' lang='lat' dir='ltr'>Pingue</span> <span class='ocrx_word' id='word_1_80' title='bbox 402 1491 533 1520; x_wconf 86' lang='lat' dir='ltr'>tenent</span> <span class='ocrx_word' id='word_1_81' title='bbox 551 1482 709 1520; x_wconf 87' lang='lat' dir='ltr'>humilis</span> <span class='ocrx_word' id='word_1_82' title='bbox 730 1480 883 1519; x_wconf 84' lang='lat' dir='ltr'>Ferenti</span> <span class='ocrx_word' id='word_1_83' title='bbox 899 1496 925 1527; x_wconf 58' lang='lat' dir='ltr'>5ss</span> 
     </span>
     <span class='ocr_line' id='line_1_20' title="bbox 125 1545 812 1595; baseline -0.006 -9"><span class='ocrx_word' id='word_1_84' title='bbox 125 1546 185 1586; x_wconf 91' lang='lat' dir='ltr'>Ut</span> <span class='ocrx_word' id='word_1_85' title='bbox 205 1555 292 1583; x_wconf 87' lang='lat' dir='ltr'>tuto</span> <span class='ocrx_word' id='word_1_86' title='bbox 313 1548 363 1586; x_wconf 82' lang='lat' dir='ltr'>ab</span> <span class='ocrx_word' id='word_1_87' title='bbox 380 1546 471 1583; x_wconf 86' lang='lat' dir='ltr'>atris</span> <span class='ocrx_word' id='word_1_88' title='bbox 488 1559 651 1595; x_wconf 81' lang='lat' dir='ltr'>corpore</span> <span class='ocrx_word' id='word_1_89' title='bbox 671 1545 812 1595; x_wconf 84' lang='lat' dir='ltr'>viperis</span> 
     </span>
     <span class='ocr_line' id='line_1_21' title="bbox 123 1609 1009 1659; baseline -0.002 -10"><span class='ocrx_word' id='word_1_90' title='bbox 123 1611 370 1655; x_wconf 83' lang='lat' dir='ltr'>Dormirem,</span> <span class='ocrx_word' id='word_1_91' title='bbox 399 1620 437 1648; x_wconf 86' lang='lat' dir='ltr'>et</span> <span class='ocrx_word' id='word_1_92' title='bbox 457 1609 550 1648; x_wconf 79' lang='lat' dir='ltr'>ursis</span> <span class='ocrx_word' id='word_1_93' title='bbox 570 1625 582 1654; x_wconf 73' lang='grc' dir='ltr'><strong>ς</strong></span> <span class='ocrx_word' id='word_1_94' title='bbox 611 1619 873 1659; x_wconf 14' lang='lat' dir='ltr'>utrpremerer</span> <span class='ocrx_word' id='word_1_95' title='bbox 890 1609 1009 1647; x_wconf 79' lang='lat' dir='ltr'>sacra-</span> 
     </span>
    </p>

    <p class='ocr_par' dir='ltr' id='par_1_10' title="bbox 177 1672 824 1722">
     <span class='ocr_line' id='line_1_22' title="bbox 177 1672 824 1722; baseline -0.006 -9"><span class='ocrx_word' id='word_1_96' title='bbox 177 1675 406 1722; x_wconf 76' lang='lat' dir='ltr'>Lauroque,</span> <span class='ocrx_word' id='word_1_97' title='bbox 437 1672 658 1721; x_wconf 80' lang='lat' dir='ltr'>collataque</span> <span class='ocrx_word' id='word_1_98' title='bbox 678 1682 824 1721; x_wconf 81' lang='lat' dir='ltr'>myrto,</span> 
     </span>
    </p>

    <p class='ocr_par' dir='ltr' id='par_1_11' title="bbox 124 1735 904 1916">
     <span class='ocr_line' id='line_1_23' title="bbox 233 1735 892 1775; baseline -0.003 0"><span class='ocrx_word' id='word_1_99' title='bbox 233 1736 325 1775; x_wconf 82' lang='lat' dir='ltr'>Non</span> <span class='ocrx_word' id='word_1_100' title='bbox 345 1736 420 1774; x_wconf 78' lang='lat' dir='ltr'>sine</span> <span class='ocrx_word' id='word_1_101' title='bbox 442 1736 515 1774; x_wconf 78' lang='lat' dir='ltr'>Dis</span> <span class='ocrx_word' id='word_1_102' title='bbox 536 1736 730 1775; x_wconf 81' lang='lat' dir='ltr'>animosus</span> <span class='ocrx_word' id='word_1_103' title='bbox 751 1735 892 1773; x_wconf 84' lang='lat' dir='ltr'>infans.</span> 
     </span>
     <span class='ocr_line' id='line_1_24' title="bbox 124 1800 887 1846; baseline -0.005 -6"><span class='ocrx_word' id='word_1_104' title='bbox 124 1802 274 1846; x_wconf 83' lang='lat' dir='ltr'>Vester,</span> <span class='ocrx_word' id='word_1_105' title='bbox 304 1802 514 1845; x_wconf 77' lang='lat' dir='ltr'>Camoenae,</span> <span class='ocrx_word' id='word_1_106' title='bbox 544 1800 665 1838; x_wconf 84' lang='lat' dir='ltr'>vester</span> <span class='ocrx_word' id='word_1_107' title='bbox 685 1801 723 1837; x_wconf 75' lang='lat' dir='ltr'>in</span> <span class='ocrx_word' id='word_1_108' title='bbox 743 1800 887 1837; x_wconf 85' lang='lat' dir='ltr'>arduos</span> 
     </span>
     <span class='ocr_line' id='line_1_25' title="bbox 125 1850 904 1916; baseline -0.003 -14"><span class='ocrx_word' id='word_1_109' title='bbox 125 1865 266 1906; x_wconf 77' lang='lat' dir='ltr'>Tollor</span> <span class='ocrx_word' id='word_1_110' title='bbox 287 1864 452 1902; x_wconf 82' lang='lat' dir='ltr'>Sabinos</span> <span class='ocrx_word' id='word_1_111' title='bbox 473 1880 481 1907; x_wconf 82' lang='lat'><em>3</em></span> <span class='ocrx_word' id='word_1_112' title='bbox 511 1850 690 1901; x_wconf 58' lang='lat' dir='ltr'>seu&#39;mihi</span> <span class='ocrx_word' id='word_1_113' title='bbox 711 1863 904 1916; x_wconf 79' lang='lat' dir='ltr'>frigidum</span> 
     </span>
    </p>

    <p class='ocr_par' dir='ltr' id='par_1_12' title="bbox 181 1927 835 1975">
     <span class='ocr_line' id='line_1_26' title="bbox 181 1927 835 1975; baseline -0.005 -9"><span class='ocrx_word' id='word_1_114' title='bbox 181 1928 380 1968; x_wconf 59' lang='lat' dir='ltr'>Praeneste.</span> <span class='ocrx_word' id='word_1_115' title='bbox 410 1928 474 1964; x_wconf 81' lang='lat' dir='ltr'>seu</span> <span class='ocrx_word' id='word_1_116' title='bbox 493 1927 622 1964; x_wconf 88' lang='lat' dir='ltr'>Tibur</span> <span class='ocrx_word' id='word_1_117' title='bbox 640 1927 835 1975; x_wconf 78' lang='lat' dir='ltr'>supinum,</span> 
     </span>
    </p>

    <p class='ocr_par' dir='ltr' id='par_1_13' title="bbox 235 1991 821 2041">
     <span class='ocr_line' id='line_1_27' title="bbox 235 1991 821 2041; baseline -0.005 -10"><span class='ocrx_word' id='word_1_118' title='bbox 235 1996 309 2031; x_wconf 83' lang='lat' dir='ltr'>Seu</span> <span class='ocrx_word' id='word_1_119' title='bbox 328 1994 483 2041; x_wconf 69' lang='lat' dir='ltr'>liquidae</span> <span class='ocrx_word' id='word_1_120' title='bbox 500 1992 680 2041; x_wconf 80' lang='lat' dir='ltr'>placuere</span> <span class='ocrx_word' id='word_1_121' title='bbox 705 1991 821 2029; x_wconf 73' lang='lat' dir='ltr'>Baiae.</span> 
     </span>
    </p>

    <p class='ocr_par' dir='ltr' id='par_1_14' title="bbox 128 2053 882 2100">
     <span class='ocr_line' id='line_1_28' title="bbox 128 2053 882 2100; baseline -0.009 -1"><span class='ocrx_word' id='word_1_122' title='bbox 128 2057 273 2099; x_wconf 70' lang='lat' dir='ltr'>Vestris</span> <span class='ocrx_word' id='word_1_123' title='bbox 293 2057 465 2097; x_wconf 88' lang='lat' dir='ltr'>amicum</span> <span class='ocrx_word' id='word_1_124' title='bbox 487 2055 659 2095; x_wconf 78' lang='lat' dir='ltr'>fontibus</span> <span class='ocrx_word' id='word_1_125' title='bbox 681 2064 719 2094; x_wconf 88' lang='lat' dir='ltr'>et</span> <span class='ocrx_word' id='word_1_126' title='bbox 739 2053 882 2100; x_wconf 82' lang='lat' dir='ltr'>choris,</span> 
     </span>
    </p>
   </div>
   <div class='ocr_carea' id='block_1_7' title="bbox 1103 0 1235 2154">
    <p class='ocr_par' dir='ltr' id='par_1_15' title="bbox 1103 0 1235 2154">
     <span class='ocr_line' id='line_1_29' title="bbox 1103 0 1235 2154; baseline 0 0"><span class='ocrx_word' id='word_1_127' title='bbox 1103 0 1235 2154; x_wconf 95' lang='lat' dir='ltr'> </span> 
     </span>
    </p>
   </div>
  </div>
 </body>
</html>
