1235 2365
137 141 189 194 36
445 140 514 193 Q
547 136 868 182 HORATH

135 237 196 275 Te
212 237 320 287 Spes,
349 245 388 275 et
407 236 496 276 albo
516 252 605 278 rara
626 239 739 277 Fides
759 238 854 278 colit

132 301 274 341 Velata
293 315 422 352 panno
440 318 450 348 3
479 316 549 342 nec
571 304 757 342 comitem
773 305 959 357 abnegat,

187 367 401 415 Utcunque
421 376 575 405 mutata
595 376 771 416 potentes

238 430 351 469 Veste
381 432 520 469 domos
535 431 693 469 inimica
709 431 869 480 linquis-

130 496 191 535 At
212 493 353 547 vulgus
375 495 555 540 infidum,
586 505 623 533 et
643 495 826 533 meretrix
846 502 952 534 retro
1146 507 1167 536 2
1171 507 1196 549 5

129 559 291 612 Perjura
307 559 433 597 cedit:
465 559 679 610 diffugiunt
699 558 807 596 cadis

181 625 286 663 Cum
306 622 400 662 fzcce
421 623 567 661 ficcatis
584 616 715 667 amici,

234 687 505 740 Ferrejugum
522 687 665 736 pariter
684 684 819 723 dolofi.

130 751 268 790 Serves
289 752 438 789 iturum
458 751 650 790 Caesarem
670 750 709 787 in
729 749 890 788 ultimos

130 815 249 854 Orbis
271 816 495 860 Britannos,
525 824 563 853 et
578 816 775 866 juvenum
793 826 927 853 recens
1145 827 1198 869 30

182 881 375 926 Examen,
406 881 500 917 Eois
522 879 743 916 timendum

236 944 431 988 Partibus,
462 942 701 990 Oceanoque
720 943 854 980 rubro.

126 1007 241 1046 Eheu
259 1010 266 1044 !
300 1007 528 1045 cicatricum
548 1015 585 1044 et
604 1005 754 1043 sceleris
773 1006 909 1055 pudet,

126 1071 402 1120 Fratrumque.
458 1070 569 1123 Qid
590 1083 660 1107 nos
674 1069 773 1107 dura
787 1067 1006 1122 refugimus

177 1139 291 1177 AEtas
311 1140 322 1176 ?
350 1137 460 1193 Qid
480 1137 668 1174 intactum
687 1133 821 1173 nefasti
1141 1147 1193 1190 35

217 1196 442 1250 *Liquimus
458 1202 470 1239 ?
501 1200 616 1238 Unde
632 1213 795 1238 manum
811 1200 999 1250 juventus

123 1266 236 1306 Metu
258 1267 438 1303 Deorum
459 1264 682 1302 continuit?
709 1263 867 1318 Qibus

122 1330 300 1380 Pepercit
320 1329 394 1366 aris
412 1329 425 1366 ?
454 1327 490 1365 O
511 1328 662 1365 utinam
682 1339 787 1364 nova

161 1394 324 1432 incude
345 1392 524 1444 diffingas
543 1391 717 1429 retusum
736 1390 776 1428 in

227 1456 461 1510 Maisagetas
478 1455 709 1504 Arabasque
727 1453 891 1493 ferrum.
1056 1495 1065 1500 ,
1135 1467 1190 1506 40

353 1637 702 1682 CARMEN
745 1637 955 1681 XXXVI.

250 1770 297 1808 In
341 1765 652 1806 NUMIDAE
697 1762 1057 1805 REDITUM.

219 1876 258 1915 T
280 1877 394 1915 thure
416 1885 453 1914 et
470 1875 609 1913 fidibus
621 1874 735 1925 juvat

246 1938 424 1981 Placare,
453 1946 490 1974 et
505 1935 617 1974 vituli
631 1934 816 1987 sanguine
836 1934 967 1972 debito

114 2003 302 2041 Custodes
324 2002 506 2040 Numida:
529 2001 664 2039 Deos:

164 2066 249 2121 Qi
268 2080 370 2106 nunc
387 2065 578 2117 Hesperia
597 2064 720 2116 sospes
740 2064 789 2105 ab
804 2062 959 2114 ultima,
1065 2113 1099 2157 C
1147 2114 1157 2123 ⁵

1102 2128 1177 2157 aris
1227 2141 1228 2146 =
