1235 2365
109 180 181 221 172
414 166 479 221 Q
525 165 849 208 HORATII

101 265 184 307 Cur
202 275 312 316 optas
331 265 439 315 quod
457 264 602 305 habes?
629 266 720 306 Non
737 266 834 307 nosti
853 266 947 318 quid
965 276 1077 319 pater
1089 270 1160 317 (in-
1215 214 1225 321 i

255 331 359 382 quit)
1221 325 1225 348 ‘

99 394 335 446 Chrysippus
356 395 478 433 dicat:
501 395 660 446 Sapiens
678 396 852 446 crepidas
868 396 938 435 fibi·
949 410 1155 448 nunquam

98 459 179 497 Nec
198 459 316 497 soleas
336 459 427 499 fecit
443 474 452 497 :
481 460 588 497 sutor
606 469 739 497 tamen
758 460 808 499 est
827 460 987 510 sapiens,
1043 463 1126 517 Qi
1143 463 1159 501 ἓ

96 524 167 569 Ut,
195 525 374 572 quamvis
405 532 508 561 tacet
529 522 819 575 HermogeneS,
852 533 989 563 cantor
1021 534 1154 564 tamen

254 596 372 635 atque

96 649 280 698 Optimus
288 648 339 686 est
346 647 572 685 modulator
581 662 590 685 ε
607 657 651 686 ut
657 647 828 687 Alfenus
834 649 1071 696 vafer,ornni
1080 665 1093 690 1
1103 663 1155 703 30

91 713 258 763 Abjeeto
278 712 530 749 instrumento
550 713 657 757 artis,
687 711 895 762 clausaque
915 717 1094 763 taberna,

93 774 211 812 Sutor
225 784 332 813 erat:
360 775 506 824 sapiens
527 775 652 825 operis
671 774 721 814 fic
742 777 912 826 optimus
933 779 1060 816 omnis

91 839 157 877 Est
177 838 329 889 opifex3
358 839 407 877 fic
427 853 494 878 rex
515 839 628 877 solus.
685 840 847 878 Vellunt
870 842 939 879 tibi
958 843 1122 883 barbam

90 904 242 942 Lascivi
261 904 369 953 pueri
386 918 396 948 ;
426 916 523 952 quos
543 912 586 940 tu
607 902 675 939 nifi
694 901 791 940 fuste
812 905 979 950 coiirees,

89 968 252 1019 Urgeris
272 968 387 1004 turba
405 967 552 1004 circum
568 975 605 1004 te
621 966 753 1012 stante,
782 967 973 1016 miserque
1073 980 1147 1020 135

89 1030 313 1079 Rumperis‚
333 1040 371 1067 et
385 1029 518 1074 latras,
533 1043 770 1081 magnorum
790 1031 958 1068 maxime
977 1044 1118 1084 regum
1135 1035 1147 1071 Ξ

86 1093 145 1131 Ne
165 1093 329 1145 longum
349 1092 491 1130 faciam
510 1108 518 1130 :
550 1093 645 1129 dum
665 1102 709 1130 tu
729 1095 948 1141 quadrante
967 1094 1146 1134 lavatum

89 1158 170 1194 Rex
190 1158 274 1201 ibis,
303 1170 427 1205 neque
443 1166 481 1193 te
502 1156 707 1203 quisquam
727 1155 900 1205 stipatur,
932 1157 1110 1206 ineptum

86 1220 228 1257 Praerer
248 1219 481 1267 Crispinum,
510 1218 742 1262 seiiabitum
772 1227 810 1255 et
829 1219 925 1257 mihi
946 1219 1078 1260 dulces
1222 1202 1233 1295 l

87 1283 305 1333 Ignuscent,
334 1281 360 1317 fi
381 1282 475 1329 quid
495 1293 708 1328 peccavero
731 1279 880 1326 stultus,
909 1283 1050 1328 amici3
1071 1296 1145 1334 140

86 1345 209 1391 Inque
234 1344 354 1380 ficem
374 1342 532 1378 illorum
552 1343 677 1390 patiar
698 1341 836 1380 delffla
853 1343 1044 1392 libenter3

86 1406 337 1456 privatusque
358 1406 484 1458 magis
505 1405 636 1443 vivam
658 1414 699 1443 te
719 1419 810 1458 rege
823 1407 973 1446 beatus.

1222 349 1225 362 1

1210 1002 1212 1030 ἰ

369 1606 734 1646 SATYRA
800 1609 876 1648 IV.

184 1728 336 1779 Upolis,
374 1738 491 1778 atque
523 1731 721 1776 Cratinus,
770 1729 1141 1782 Aristophanesque,
1227 1723 1235 1784 Ῑ

107 1832 109 1834 .
289 1794 433 1837 Po'e'tae,
1210 1816 1213 1817 ν
1233 1790 1235 1816 ³

76 1847 213 1896 Atque
234 1847 311 1893 alii,
332 1859 500 1895 quorum
526 1845 717 1883 comoedia
739 1845 861 1894 prisca
879 1846 1055 1883 virorum
1074 1845 1140 1892 est,

78 1910 115 1946 δί
136 1910 221 1959 quis
241 1919 323 1947 erat
337 1910 477 1961 dignus
495 1908 666 1951 describi,
682 1909 788 1956 quod
804 1908 948 1953 malm,
975 1918 1043 1946 aut
1055 1907 1139 1954 fur„

77 1973 199 2026 Qod
220 1972 394 2011 moechus
416 1971 529 2014 folet,
560 1980 628 2007 aut
647 1970 815 2017 sicarius,
842 1981 912 2010 aut
926 1971 1073 2020 alioqui

76 2036 287 2081 Famosum
319 2036 445 2073 multa
464 2047 556 2072 cum
579 2033 755 2071 libertate
786 2037 988 2074 notabant.
1102 2046 1126 2084 5
1226 2083 1228 2087 ‚

77 2099 183 2138 Hinc
206 2101 330 2138 omnis
352 2099 494 2150 pendet
513 2097 706 2143 Lucilius,
735 2098 845 2137 hosce
864 2100 1033 2141 secutus,
1230 2118 1235 2148 3

967 2158 1133 2203 Mutatis
1213 2161 1235 2212 'j
