1235 2365
288 139 692 184 CARMINUM
733 141 836 185 Lu.
866 142 900 183 1.
1091 154 1122 194 9

347 327 691 372 CARMEN
727 327 831 370 VII.

106 432 205 492 ‘An
245 449 652 492 MUNATIUM
692 449 1062 490 PLANCUM.
1127 484 1130 486 .

154 551 403 590 AunABum·
436 550 501 589 alii
521 549 670 589 claram
692 549 878 596 Rhodon,
906 560 976 588 aut
995 548 1118 605 Mity-

259 613 386 658 leuen,

98 679 188 716 Aut
208 678 427 728 Ephesum,
454 677 660 716 bimarisve
680 677 860 715 Corinthi

46 741 207 788 Moenia,
223 743 283 781 vel
299 744 455 781 Baccho
469 743 640 786 Thebas,
655 741 716 779 vel
731 741 919 791 Apolline
933 740 1112 791 Delphos

101 807 289 859 lnfigneS,
318 816 386 845 aut
405 806 585 844 Theffala
604 805 771 855 Tempe.

0 881 2 886 ·
47 870 145 907 Sunt
158 870 298 919 quibus
312 883 436 908 unum
452 884 549 920 opus
565 871 786 915 est,inta&ae
794 870 1112 910 Palladisurbem

99 934 283 971 Carmine
304 944 496 983 perpetuo
511 934 722 979 celebrare,
752 944 791 972 et

45 997 232 1046 Undique
253 999 479 1046 decerptam
498 997 619 1036 fronti
640 1010 862 1048 praeponere
881 996 1042 1035 olivam.

99 1060 313 1106 Plurimus,
342 1062 381 1098 in
400 1063 564 1110 Junonis
583 1062 791 1106 honorem,

42 1123 202 1174 Aptum
224 1124 319 1166 dicit
339 1126 447 1173 equis
475 1129 619 1178 Argos,
649 1126 822 1174 ditesque
841 1125 1045 1175 Mycenas.

99 1188 167 1227 Me
194 1202 264 1226 nec
284 1198 366 1226 tam
383 1191 532 1238 patiens
554 1190 832 1235 Lacedaemon,
1067 1200 1116 1228 ιο

45 1252 130 1291 Nec
151 1263 235 1290 tam
255 1252 412 1299 Lariffae
434 1253 613 1302 percuffit
633 1267 796 1302 campus
818 1253 979 1303 opimae,

97 1319 234 1372 Qam
254 1318 396 1356 domus
416 1318 610 1355 Albuneae
626 1318 853 1363 resonantis,

43 1381 98 1422 Et
117 1396 285 1432 praeceps
305 1382 430 1427 Anio,
459 1392 498 1420 et
516 1381 684 1420 Tiburni
703 1381 828 1427 lucus,
859 1391 897 1420 et
911 1380 993 1420 uda

97 1444 311 1484 Mobilibus
330 1446 510 1495 pomaria
527 1446 634 1483 rivis.
696 1479 700 1483 .

41 1509 175 1548 Albus
195 1519 239 1548 ut
257 1510 419 1548 obscuro
435 1510 613 1562 deterget
630 1508 765 1546 nubila
783 1507 882 1547 coelo
1067 1519 1114 1562 15

97 1574 204 1624 Saepe
225 1575 367 1620 Notus,
397 1587 521 1622 neque
542 1573 710 1622 parturit
729 1573 873 1610 imbres

42 1638 281 1688 Perpetuos;
312 1639 359 1677 fic
383 1648 426 1677 tu
445 1638 593 1687 sapiens
619 1635 729 1674 finire
748 1645 949 1675 memento

94 1703 326 1749 Tristitiam‚
354 1703 520 1751 vitaeque
541 1700 696 1738 labores

41 1766 170 1812 Molli,
200 1767 357 1812 Plance,
387 1780 521 1811 mero3
557 1765 621 1803 seu
650 1773 688 1802 te
716 1762 911 1816 fulgentia
938 1764 1054 1819 fignis

95 1831 229 1878 Castra
249 1840 395 1875 tenent,
424 1831 489 1867 seu
509 1828 623 1866 densa
644 1828 790 1866 tenebit
1057 1842 1110 1869 20

41 1893 199 1932 Tiburis
219 1896 361 1933 umbra
380 1895 450 1932 tui.
480 1893 635 1931 Teucer
659 1890 855 1931 Salamina
874 1903 1111 1945 patremque

95 1959 199 1996 Cum
218 1959 388 2012 fugeret,
417 1968 551 1996 tamen
565 1956 645 1994 uda
665 1955 786 2005 Lyceo

40 2022 241 2073 Tempora
260 2023 431 2072 populea
448 2020 573 2059 fertur
593 2018 746 2058 vinxiffe
766 2034 927 2070 corona,

95 2087 155 2126 Sic
176 2086 298 2127 tristes
318 2086 460 2126 affatus
480 2085 625 2124 amicos
643 2097 653 2121 =

1023 2138 1108 2178 Cur
