1235 2365
287 146 427 185 ARS
483 142 828 185 POET1CA.
1016 156 1091 198 297

20 219 253 259 'Reddiderit
269 222 451 271 junfmra
471 232 631 258 novum.
692 220 730 257 Si
750 219 850 257 sorte
869 219 1011 259 necesse
1041 220 1092 259 est

20 283 180 321 Iudiciis
200 283 412 321 monstrare
432 283 649 321 recentibus
669 283 802 320 abdita
821 296 967 329 rerum,

20 345 186 398 Fingere
207 346 382 384 cinctutis
401 358 480 383 non
500 345 682 383 exaudita
701 345 885 397 Cethegis
1044 358 1094 396 50

19 408 234 460 Continget
250 423 261 454 ;
292 408 526 457 dabiturque
545 407 702 446 licentia
719 407 848 446 sumta
871 408 1090 458 pudenter:

18 471 74 510 Et
92 484 196 510 nova
215 472 378 520 fictaque
397 484 521 521 nuper
539 471 740 509 habebunt
757 472 876 509 verba
894 471 1028 517 fidem,
1056 471 1085 510 fi

21 534 165 574 Graeco
183 532 292 572 fonte
313 534 471 579 cadant,
493 547 608 583 parce
629 534 797 571 detorta.
827 534 938 588 Qid
959 543 1093 574 autem

21 597 177 637 Caecilio
198 597 417 646 Plautoque
438 598 547 636 dabit
569 597 787 642 Romanus,
817 598 1022 635 ademtam

23 661 192 714 Virgilio
215 662 413 710 Vari'oque
431 663 443 700 ἓ
473 662 562 714 Ego
582 675 664 706 cur,
686 663 886 710 acquirere
905 675 1031 711 pauca
1046 673 1095 713 55

23 725 60 763 Si
80 723 244 773 possum,
271 725 460 770 invideor,
485 738 575 762 cum
595 724 733 776 lingua
752 725 912 762 Catonis
933 735 971 763 et
994 726 1094 763 Enni

24 789 254 826 Sermonem
274 789 446 837 patrium
468 788 663 833 ditaverit,
693 797 731 825 et
749 801 851 825 nova
870 801 1002 825 rerum

23 851 198 890 Nomina
221 851 457 901 protulerit?
485 851 632 895 Licuit,
662 850 888 899 semperque
909 850 1041 890 licebit

24 916 235 968 Signatum
254 916 438 965 praesente
459 924 552 952 nota
572 915 787 964 producere
809 926 966 952 nomen.

24 979 83 1018 Ut
102 979 200 1016 filvae
220 978 321 1016 foliis
342 991 485 1028 pronos
505 986 711 1015 mutantur
730 976 769 1014 in
788 989 909 1013 annos
926 991 936 1021 3
1047 977 1099 1015 60

4 1079 5 1087 ,
25 1042 159 1081 Prima
177 1043 348 1080 cadunt:
379 1042 434 1079 ita
452 1043 664 1079 verborum
683 1049 794 1078 vetus
815 1041 947 1078 interit
966 1050 1072 1086 aetas,

0 1125 4 1151 ὴ
27 1105 83 1143 Et
98 1108 291 1156 juvenum
311 1105 388 1143 ritu
409 1105 547 1142 florent
567 1104 687 1141 modo
706 1113 813 1148 nata,
839 1104 1067 1155 vigentque.

0 1168 1 1172 ’
26 1169 232 1207 Debemur
252 1169 370 1206 morti
390 1181 459 1205 nos
480 1167 712 1215 nostraque3
742 1166 817 1204 five
836 1176 1015 1216 receptus

27 1231 154 1270 Terra
174 1232 380 1281 Neptunus
400 1229 530 1268 claffes
549 1229 820 1278 Aquilonibus
840 1240 960 1276 arcet,

29 1295 149 1347 Regis
171 1307 268 1344 opus
289 1309 300 1340 3
329 1293 537 1342 sterilisque
558 1294 624 1330 diu
644 1293 771 1342 palus,
797 1304 968 1344 aptaque
988 1295 1105 1333 remis

28 1358 188 1395 Vicinas
208 1358 323 1394 urbes
343 1356 426 1402 alit,
456 1365 493 1393 et
513 1369 631 1407 grave
651 1355 763 1394 sentit
783 1365 959 1395 aratrum
975 1372 986 1403 3
1055 1359 1104 1398 66

31 1421 106 1458 Seu
126 1420 283 1458 cursum
303 1419 474 1458 mutavit
494 1419 672 1467 iniquum
693 1417 873 1470 frugibus
894 1421 1035 1466 amnis,
1102 1416 1105 1419 Δ

29 1482 182 1521 Βοέωε
203 1483 276 1519 iter
295 1481 449 1520 melius.
507 1480 694 1520 Mortalia
712 1480 813 1519 fasta
832 1483 1039 1531 peribunt:

28 1544 189 1584 Nedum
208 1544 432 1582 sermonum
453 1544 522 1581 stet
540 1544 678 1588 honos,
708 1552 745 1580 et
766 1544 895 1595 gratia
914 1545 1042 1582 vivax.
1070 1562 1119 1588 vs

34 1607 168 1646 Multa
183 1607 443 1652 renascentur,
463 1620 551 1655 quae
564 1608 648 1657 jam
662 1606 858 1652 cecidere3
875 1607 1108 1656 cadentque,

31 1670 135 1723 Quae
149 1682 251 1706 nunc
265 1670 351 1707 sunt
365 1670 403 1706 in
417 1669 564 1706 honore
578 1668 930 1713 vocabula,fiv01et
938 1670 1043 1715 usus;
1060 1683 1080 1720 7
1091 1682 1105 1708 1

31 1733 165 1786 Qem
171 1745 286 1782 penes
294 1732 499 1770 arbitrium
510 1731 573 1776 est,
581 1733 638 1782 etj
646 1745 703 1777 us,
711 1741 749 1770 et
758 1745 899 1770 norma
909 1733 1110 1782 loquendi.

32 1794 112 1835 Res
131 1795 245 1848 gestae
263 1808 483 1848 regumque
504 1795 743 1843 ducumque,
773 1805 811 1833 et
830 1796 952 1834 tristia
969 1796 1087 1843 bella,

33 1859 129 1912 Qo
148 1858 259 1896 scribi
278 1857 425 1908 poss'ent
444 1871 609 1896 numero
629 1858 859 1896 monstravit
881 1859 1096 1898 Homerus.

35 1921 220 1960 Versibus
243 1922 445 1972 impariter
462 1922 599 1974 junctis
620 1922 866 1970 querimonia
883 1924 1083 1973 primum:

35 1984 124 2022 Post
143 1984 262 2023 etiam
282 1984 427 2024 inclusa
446 1986 497 2024 est
518 1986 600 2023 voti
617 1985 806 2024 sententia
829 1999 1004 2037 comp05.
1062 1987 1113 2038 76

35 2048 137 2101 Qis
157 2057 290 2089 tamen
309 2048 469 2103 exiguos
490 2047 621 2102 elegos
642 2048 811 2090 emiserit
830 2052 978 2096 auctor,

968 2112 1112 2154 Gram-
