1235 2365
249 124 649 167 CARMINUM
707 126 800 165 Lm.
837 140 872 165 1.
1057 137 1102 178 ¹3

332 308 682 350 CARMEN
737 309 811 350 XI.

231 420 303 459 Ao
350 420 855 459 LEUCONOEN.

150 505 190 544 U
206 518 254 544 ne
270 504 461 554 quaefieris
473 504 581 550 (scire
593 505 718 556 nefas)
733 517 851 554 quem
866 504 975 551 mihi,
987 519 1106 556 quem

256 573 325 610 tibi

34 632 172 673 Finem
190 635 245 673 Di
263 634 454 679 dederint,
479 633 713 679 Leuc0n003
742 647 811 672 nec
834 634 1073 684 Babylonios

33 697 214 736 Tentfiris
229 711 424 736 numeros.
460 698 518 735 Ut
530 696 682 742 melius,
698 697 891 746 quidquid
907 698 991 743 erit,
1004 699 1104 748 pati!

33 763 110 800 Seu
129 761 258 811 plures
278 761 437 805 hiemes,
466 759 530 798 seu
557 760 693 797 tribuit
711 761 864 809 jupiter
881 760 1082 808 ultimam,

34 825 134 879 Qae
149 838 252 862 nunc
273 823 456 873 oppofitis
479 822 656 860 debilitat
676 824 900 872 pumicibus
919 837 1027 862 mare
1082 836 1107 875 5·

34 887 308 937 Tyrrhenum!
343 887 492 936 Sapias,
513 886 603 923 vina
623 886 747 934 liques
764 902 773 931 3
804 897 841 924 et
862 887 983 936 spatio
999 888 1107 926 brevi

36 951 155 1000 Spem
191 950 354 1002 longam
387 949 542 988 reseceS.
575 949 689 987 Dum
717 949 933 999 loquimur,
959 951 1109 1003 fugerit

145 1015 281 1052 invida

34 1079 176 1124 AEtas;
221 1092 336 1128 carpe
378 1078 497 1124 diem,
539 1089 662 1126 quam
699 1077 909 1116 minimum
949 1075 1107 1116 credula

140 1142 304 1193 postero.

325 1326 679 1369 CARMEN
720 1328 817 1369 XII.

277 1449 349 1488 AD
395 1448 863 1490 AUGUSTUM.

37 1548 230 1589 Hmzws
262 1560 311 1587 DE
342 1548 567 1587 LAumnus
609 1549 801 1589 DEORUM
833 1562 974 1598 ATQJE
1018 1548 1107 1590 H0=

497 1616 656 1640 mmm.

158 1693 284 1732 UEM
303 1693 434 1733 virum
454 1703 522 1733 aut
540 1693 678 1739 heroa,
706 1693 794 1743 lyra
823 1693 886 1733 vel
905 1695 986 1734 acri

184 1759 315 1805 Tibia,
342 1760 468 1798 sumes
489 1759 698 1804 celebrare,
727 1759 843 1798 Clio?

37 1823 174 1878 Qem
194 1822 330 1860 Deum
347 1824 360 1861 ?
390 1824 500 1874 cujus
520 1823 667 1862 recinet
681 1821 815 1874 jocosa

147 1886 303 1924 Nomen
340 1886 488 1938 imago,

38 1949 128 1988 Aut
148 1950 186 1988 in
205 1949 394 1988 umbrosis
415 1949 619 1987 Heliconis
640 1950 732 1994 oris,
1086 1963 1108 2000 5

38 2013 127 2053 Aut
144 2014 257 2066 super
278 2014 416 2061 Pindo,
436 2014 616 2067 gelidove
631 2015 671 2054 in
690 2013 834 2054 Haemo
852 2015 865 2054 ?

528 2078 561 2117 B
991 2078 1110 2119 Unde
