<?xml version="1.0" encoding="UTF-8"?>
<!DOCTYPE html PUBLIC "-//W3C//DTD XHTML 1.0 Transitional//EN"
    "http://www.w3.org/TR/xhtml1/DTD/xhtml1-transitional.dtd">
<html xmlns="http://www.w3.org/1999/xhtml" xml:lang="en" lang="en">
 <head>
  <title>
</title>
<meta http-equiv="Content-Type" content="text/html;charset=utf-8" />
  <meta name='ocr-system' content='tesseract 3.04.00' />
  <meta name='ocr-capabilities' content='ocr_page ocr_carea ocr_par ocr_line ocrx_word'/>
</head>
<body>
  <div class='ocr_page' id='page_1' title='image "./operaomniaadopti00horauoft_0128.png"; bbox 0 0 1235 2365; ppageno 0'>
   <div class='ocr_carea' id='block_1_1' title="bbox 139 142 906 198">
    <p class='ocr_par' dir='ltr' id='par_1_1' title="bbox 139 142 906 198">
     <span class='ocr_line' id='line_1_1' title="bbox 139 142 906 198; baseline 0.005 -17"><span class='ocrx_word' id='word_1_1' title='bbox 139 153 214 182; x_wconf 80' lang='lat'>120</span> <span class='ocrx_word' id='word_1_2' title='bbox 400 178 410 185; x_wconf 81' lang='grc'>,</span> <span class='ocrx_word' id='word_1_3' title='bbox 479 142 906 198; x_wconf 78' lang='lat' dir='ltr'>QHORATII</span> 
     </span>
    </p>
   </div>
   <div class='ocr_carea' id='block_1_2' title="bbox 129 239 1225 916">
    <p class='ocr_par' dir='ltr' id='par_1_2' title="bbox 132 239 850 284">
     <span class='ocr_line' id='line_1_2' title="bbox 132 239 850 284; baseline 0.008 -7"><span class='ocrx_word' id='word_1_4' title='bbox 132 239 316 278; x_wconf 87' lang='lat' dir='ltr'>obstaret</span> <span class='ocrx_word' id='word_1_5' title='bbox 336 240 485 279; x_wconf 85' lang='lat' dir='ltr'>meritis</span> <span class='ocrx_word' id='word_1_6' title='bbox 504 242 636 280; x_wconf 89' lang='lat' dir='ltr'>invida</span> <span class='ocrx_word' id='word_1_7' title='bbox 658 243 818 283; x_wconf 86' lang='lat' dir='ltr'>Romuli</span> <span class='ocrx_word' id='word_1_8' title='bbox 836 246 850 284; x_wconf 84' lang='lat'>?</span> 
     </span>
    </p>

    <p class='ocr_par' dir='ltr' id='par_1_3' title="bbox 129 304 1225 473">
     <span class='ocr_line' id='line_1_3' title="bbox 131 304 1223 362; baseline 0.009 -21"><span class='ocrx_word' id='word_1_9' title='bbox 131 304 326 354; x_wconf 87' lang='lat' dir='ltr'>Ereptum</span> <span class='ocrx_word' id='word_1_10' title='bbox 349 305 491 358; x_wconf 87' lang='lat' dir='ltr'>Stygiis</span> <span class='ocrx_word' id='word_1_11' title='bbox 511 306 684 345; x_wconf 63' lang='lat' dir='ltr'>fluctibus</span> <span class='ocrx_word' id='word_1_12' title='bbox 705 308 877 348; x_wconf 88' lang='lat' dir='ltr'>AEacum</span> <span class='ocrx_word' id='word_1_13' title='bbox 1148 321 1173 350; x_wconf 89' lang='lat'>2</span> <span class='ocrx_word' id='word_1_14' title='bbox 1177 323 1199 362; x_wconf 81' lang='lat'>5</span> <span class='ocrx_word' id='word_1_15' title='bbox 1214 345 1223 354; x_wconf 76' lang='grc'>,</span> 
     </span>
     <span class='ocr_line' id='line_1_4' title="bbox 129 362 1225 422; baseline 0.006 -17"><span class='ocrx_word' id='word_1_16' title='bbox 129 367 281 412; x_wconf 82' lang='lat' dir='ltr'>Virtus,</span> <span class='ocrx_word' id='word_1_17' title='bbox 301 377 339 405; x_wconf 87' lang='lat' dir='ltr'>et</span> <span class='ocrx_word' id='word_1_18' title='bbox 353 367 479 413; x_wconf 86' lang='lat' dir='ltr'>favor,</span> <span class='ocrx_word' id='word_1_19' title='bbox 508 378 546 406; x_wconf 92' lang='lat' dir='ltr'>et</span> <span class='ocrx_word' id='word_1_20' title='bbox 563 369 700 422; x_wconf 86' lang='lat' dir='ltr'>lingua</span> <span class='ocrx_word' id='word_1_21' title='bbox 718 372 938 420; x_wconf 86' lang='lat' dir='ltr'>potentium</span> <span class='ocrx_word' id='word_1_22' title='bbox 1219 362 1225 378; x_wconf 31' lang='grc' dir='ltr'>ἶ</span> 
     </span>
     <span class='ocr_line' id='line_1_5' title="bbox 131 431 858 473; baseline 0.007 -5"><span class='ocrx_word' id='word_1_23' title='bbox 131 431 281 469; x_wconf 85' lang='lat' dir='ltr'>Vatum</span> <span class='ocrx_word' id='word_1_24' title='bbox 301 432 482 470; x_wconf 86' lang='lat' dir='ltr'>divitibus</span> <span class='ocrx_word' id='word_1_25' title='bbox 501 433 698 472; x_wconf 85' lang='lat' dir='ltr'>consecrat</span> <span class='ocrx_word' id='word_1_26' title='bbox 716 435 858 473; x_wconf 86' lang='lat' dir='ltr'>insulis.</span> 
     </span>
    </p>

    <p class='ocr_par' dir='ltr' id='par_1_4' title="bbox 129 493 1006 546">
     <span class='ocr_line' id='line_1_6' title="bbox 129 493 1006 546; baseline 0.009 -16"><span class='ocrx_word' id='word_1_27' title='bbox 129 493 313 546; x_wconf 84' lang='lat' dir='ltr'>Dignum</span> <span class='ocrx_word' id='word_1_28' title='bbox 332 494 448 534; x_wconf 91' lang='lat' dir='ltr'>laude</span> <span class='ocrx_word' id='word_1_29' title='bbox 467 496 598 535; x_wconf 88' lang='lat' dir='ltr'>virum</span> <span class='ocrx_word' id='word_1_30' title='bbox 617 497 731 536; x_wconf 84' lang='lat' dir='ltr'>Musa</span> <span class='ocrx_word' id='word_1_31' title='bbox 749 508 856 537; x_wconf 89' lang='lat' dir='ltr'>vetat</span> <span class='ocrx_word' id='word_1_32' title='bbox 879 499 980 538; x_wconf 87' lang='lat' dir='ltr'>mori</span> <span class='ocrx_word' id='word_1_33' title='bbox 997 513 1006 538; x_wconf 73' lang='grc' dir='ltr'><strong>ε</strong></span> 
     </span>
    </p>

    <p class='ocr_par' dir='ltr' id='par_1_5' title="bbox 130 557 916 610">
     <span class='ocr_line' id='line_1_7' title="bbox 130 557 916 610; baseline 0.01 -16"><span class='ocrx_word' id='word_1_34' title='bbox 130 557 240 595; x_wconf 84' lang='lat' dir='ltr'>Coelo</span> <span class='ocrx_word' id='word_1_35' title='bbox 261 557 374 595; x_wconf 79' lang='lat' dir='ltr'>Musa</span> <span class='ocrx_word' id='word_1_36' title='bbox 391 560 493 598; x_wconf 82' lang='lat' dir='ltr'>beat.</span> <span class='ocrx_word' id='word_1_37' title='bbox 554 560 613 598; x_wconf 90' lang='lat' dir='ltr'>Sic</span> <span class='ocrx_word' id='word_1_38' title='bbox 635 562 741 610; x_wconf 83' lang='lat' dir='ltr'>Jovis</span> <span class='ocrx_word' id='word_1_39' title='bbox 763 562 916 602; x_wconf 88' lang='lat' dir='ltr'>interest</span> 
     </span>
    </p>

    <p class='ocr_par' dir='ltr' id='par_1_6' title="bbox 129 619 1199 735">
     <span class='ocr_line' id='line_1_8' title="bbox 129 619 1199 679; baseline 0.007 -23"><span class='ocrx_word' id='word_1_40' title='bbox 129 619 286 668; x_wconf 80' lang='lat' dir='ltr'>Optatis</span> <span class='ocrx_word' id='word_1_41' title='bbox 307 621 428 670; x_wconf 89' lang='lat' dir='ltr'>epulis</span> <span class='ocrx_word' id='word_1_42' title='bbox 449 623 616 675; x_wconf 84' lang='lat' dir='ltr'>impiger</span> <span class='ocrx_word' id='word_1_43' title='bbox 631 623 824 662; x_wconf 86' lang='lat' dir='ltr'>Hercules</span> <span class='ocrx_word' id='word_1_44' title='bbox 842 641 853 670; x_wconf 69' lang='grc' dir='ltr'><strong><em>ς</em></strong></span> <span class='ocrx_word' id='word_1_45' title='bbox 1147 636 1199 679; x_wconf 83' lang='lat'>30</span> 
     </span>
     <span class='ocr_line' id='line_1_9' title="bbox 134 683 907 735; baseline 0.008 -15"><span class='ocrx_word' id='word_1_46' title='bbox 134 683 298 722; x_wconf 83' lang='lat' dir='ltr'>Clarum</span> <span class='ocrx_word' id='word_1_47' title='bbox 321 684 556 735; x_wconf 62' lang='lat' dir='ltr'>Tyndarida:</span> <span class='ocrx_word' id='word_1_48' title='bbox 575 686 676 724; x_wconf 86' lang='lat' dir='ltr'>fidus</span> <span class='ocrx_word' id='word_1_49' title='bbox 697 688 745 726; x_wconf 76' lang='lat' dir='ltr'>ab</span> <span class='ocrx_word' id='word_1_50' title='bbox 765 687 907 726; x_wconf 85' lang='lat' dir='ltr'>infimis</span> 
     </span>
    </p>

    <p class='ocr_par' dir='ltr' id='par_1_7' title="bbox 133 746 867 800">
     <span class='ocr_line' id='line_1_10' title="bbox 133 746 867 800; baseline 0.008 -17"><span class='ocrx_word' id='word_1_51' title='bbox 133 746 298 800; x_wconf 82' lang='lat' dir='ltr'>Qaffas</span> <span class='ocrx_word' id='word_1_52' title='bbox 318 749 485 798; x_wconf 86' lang='lat' dir='ltr'>eripiunt</span> <span class='ocrx_word' id='word_1_53' title='bbox 499 750 718 798; x_wconf 86' lang='lat' dir='ltr'>aequoribus</span> <span class='ocrx_word' id='word_1_54' title='bbox 738 760 838 789; x_wconf 84' lang='lat' dir='ltr'>rates</span> <span class='ocrx_word' id='word_1_55' title='bbox 856 767 867 797; x_wconf 68' lang='grc' dir='ltr'>ς</span> 
     </span>
    </p>

    <p class='ocr_par' dir='ltr' id='par_1_8' title="bbox 138 811 847 863">
     <span class='ocr_line' id='line_1_11' title="bbox 138 811 847 863; baseline 0.006 -16"><span class='ocrx_word' id='word_1_56' title='bbox 138 811 312 849; x_wconf 80' lang='lat' dir='ltr'>Ornatus</span> <span class='ocrx_word' id='word_1_57' title='bbox 331 812 445 849; x_wconf 84' lang='lat' dir='ltr'>viridi</span> <span class='ocrx_word' id='word_1_58' title='bbox 464 822 643 862; x_wconf 82' lang='lat' dir='ltr'>tempora</span> <span class='ocrx_word' id='word_1_59' title='bbox 661 814 847 863; x_wconf 86' lang='lat' dir='ltr'>pampino</span> 
     </span>
    </p>

    <p class='ocr_par' dir='ltr' id='par_1_9' title="bbox 138 874 867 916">
     <span class='ocr_line' id='line_1_12' title="bbox 138 874 867 916; baseline 0.003 -3"><span class='ocrx_word' id='word_1_60' title='bbox 138 874 262 913; x_wconf 87' lang='lat' dir='ltr'>Liber</span> <span class='ocrx_word' id='word_1_61' title='bbox 280 885 372 914; x_wconf 80' lang='lat' dir='ltr'>vota</span> <span class='ocrx_word' id='word_1_62' title='bbox 391 877 513 915; x_wconf 86' lang='lat' dir='ltr'>bonos</span> <span class='ocrx_word' id='word_1_63' title='bbox 533 878 640 915; x_wconf 87' lang='lat' dir='ltr'>ducit</span> <span class='ocrx_word' id='word_1_64' title='bbox 661 878 712 916; x_wconf 84' lang='lat' dir='ltr'>ad</span> <span class='ocrx_word' id='word_1_65' title='bbox 732 877 867 916; x_wconf 84' lang='lat' dir='ltr'>exitus.</span> 
     </span>
    </p>
   </div>
   <div class='ocr_carea' id='block_1_3' title="bbox 416 1037 895 1080">
    <p class='ocr_par' dir='ltr' id='par_1_10' title="bbox 416 1037 895 1080">
     <span class='ocr_line' id='line_1_13' title="bbox 416 1037 895 1080; baseline 0.002 -2"><span class='ocrx_word' id='word_1_66' title='bbox 416 1038 760 1080; x_wconf 85' lang='lat' dir='ltr'>CARMEN</span> <span class='ocrx_word' id='word_1_67' title='bbox 820 1037 895 1080; x_wconf 87' lang='lat' dir='ltr'>IX.</span> 
     </span>
    </p>
   </div>
   <div class='ocr_carea' id='block_1_4' title="bbox 251 1174 1094 1215">
    <p class='ocr_par' dir='ltr' id='par_1_11' title="bbox 251 1174 1094 1215">
     <span class='ocr_line' id='line_1_14' title="bbox 251 1174 1094 1215; baseline 0.001 -3"><span class='ocrx_word' id='word_1_68' title='bbox 251 1175 321 1212; x_wconf 86' lang='lat' dir='ltr'>An</span> <span class='ocrx_word' id='word_1_69' title='bbox 369 1174 686 1215; x_wconf 91' lang='lat' dir='ltr'>MARCUM</span> <span class='ocrx_word' id='word_1_70' title='bbox 738 1174 1094 1215; x_wconf 89' lang='lat' dir='ltr'><strong>LOLLIUM.</strong></span> 
     </span>
    </p>
   </div>
   <div class='ocr_carea' id='block_1_5' title="bbox 137 1280 1204 1972">
    <p class='ocr_par' dir='ltr' id='par_1_12' title="bbox 137 1280 1204 1972">
     <span class='ocr_line' id='line_1_15' title="bbox 264 1280 922 1330; baseline 0 -12"><span class='ocrx_word' id='word_1_71' title='bbox 264 1281 297 1318; x_wconf 87' lang='lat' dir='ltr'>E</span> <span class='ocrx_word' id='word_1_72' title='bbox 317 1280 416 1319; x_wconf 83' lang='lat' dir='ltr'>forte</span> <span class='ocrx_word' id='word_1_73' title='bbox 439 1282 572 1318; x_wconf 78' lang='lat' dir='ltr'>credas</span> <span class='ocrx_word' id='word_1_74' title='bbox 594 1281 809 1326; x_wconf 85' lang='lat' dir='ltr'>interitura,</span> <span class='ocrx_word' id='word_1_75' title='bbox 839 1294 922 1330; x_wconf 84' lang='lat' dir='ltr'>quae</span> 
     </span>
     <span class='ocr_line' id='line_1_16' title="bbox 290 1347 1079 1400; baseline 0.003 -17"><span class='ocrx_word' id='word_1_76' title='bbox 290 1347 430 1400; x_wconf 81' lang='lat' dir='ltr'>Longe</span> <span class='ocrx_word' id='word_1_77' title='bbox 450 1349 649 1387; x_wconf 85' lang='lat' dir='ltr'>sonantem</span> <span class='ocrx_word' id='word_1_78' title='bbox 668 1359 782 1387; x_wconf 85' lang='lat' dir='ltr'>natus</span> <span class='ocrx_word' id='word_1_79' title='bbox 798 1350 849 1387; x_wconf 91' lang='lat' dir='ltr'>ad</span> <span class='ocrx_word' id='word_1_80' title='bbox 866 1347 1079 1393; x_wconf 89' lang='lat' dir='ltr'>Aufidum,</span> 
     </span>
     <span class='ocr_line' id='line_1_17' title="bbox 196 1410 804 1465; baseline 0.005 -18"><span class='ocrx_word' id='word_1_81' title='bbox 196 1410 285 1447; x_wconf 78' lang='lat' dir='ltr'>Non</span> <span class='ocrx_word' id='word_1_82' title='bbox 306 1423 394 1449; x_wconf 84' lang='lat' dir='ltr'>ante</span> <span class='ocrx_word' id='word_1_83' title='bbox 415 1412 595 1465; x_wconf 83' lang='lat' dir='ltr'>vulgatas</span> <span class='ocrx_word' id='word_1_84' title='bbox 617 1427 684 1462; x_wconf 88' lang='lat' dir='ltr'>per</span> <span class='ocrx_word' id='word_1_85' title='bbox 703 1422 804 1451; x_wconf 85' lang='lat' dir='ltr'>artes</span> 
     </span>
     <span class='ocr_line' id='line_1_18' title="bbox 249 1475 922 1526; baseline 0.003 -14"><span class='ocrx_word' id='word_1_86' title='bbox 249 1475 380 1514; x_wconf 78' lang='lat' dir='ltr'>Verba</span> <span class='ocrx_word' id='word_1_87' title='bbox 398 1477 538 1526; x_wconf 87' lang='lat' dir='ltr'>loquor</span> <span class='ocrx_word' id='word_1_88' title='bbox 558 1477 739 1514; x_wconf 78' lang='lat' dir='ltr'>socianda</span> <span class='ocrx_word' id='word_1_89' title='bbox 754 1476 922 1514; x_wconf 83' lang='lat' dir='ltr'>chordis.</span> 
     </span>
     <span class='ocr_line' id='line_1_19' title="bbox 141 1536 1204 1590; baseline 0.006 -16"><span class='ocrx_word' id='word_1_90' title='bbox 141 1536 246 1582; x_wconf 87' lang='lat' dir='ltr'>Non,</span> <span class='ocrx_word' id='word_1_91' title='bbox 267 1539 293 1576; x_wconf 76' lang='lat' dir='ltr'>si</span> <span class='ocrx_word' id='word_1_92' title='bbox 314 1541 460 1590; x_wconf 85' lang='lat' dir='ltr'>priores</span> <span class='ocrx_word' id='word_1_93' title='bbox 481 1541 672 1579; x_wconf 48' lang='lat' dir='ltr'>Maeonius</span> <span class='ocrx_word' id='word_1_94' title='bbox 693 1549 812 1585; x_wconf 88' lang='lat' dir='ltr'>tenet,</span> <span class='ocrx_word' id='word_1_95' title='bbox 1179 1548 1204 1587; x_wconf 74' lang='grc' dir='ltr'>,ς</span> 
     </span>
     <span class='ocr_line' id='line_1_20' title="bbox 142 1603 890 1650; baseline -0.003 -8"><span class='ocrx_word' id='word_1_96' title='bbox 142 1606 257 1643; x_wconf 84' lang='lat' dir='ltr'><strong>Sedes</strong></span> <span class='ocrx_word' id='word_1_97' title='bbox 280 1605 495 1650; x_wconf 84' lang='lat' dir='ltr'>Homerus,</span> <span class='ocrx_word' id='word_1_98' title='bbox 525 1605 735 1642; x_wconf 81' lang='lat' dir='ltr'>Pindaricae</span> <span class='ocrx_word' id='word_1_99' title='bbox 754 1603 890 1648; x_wconf 86' lang='lat' dir='ltr'>latent,</span> 
     </span>
     <span class='ocr_line' id='line_1_21' title="bbox 194 1668 787 1717; baseline -0.003 -11"><span class='ocrx_word' id='word_1_100' title='bbox 194 1669 371 1717; x_wconf 79' lang='lat' dir='ltr'>Ceaeque,</span> <span class='ocrx_word' id='word_1_101' title='bbox 401 1678 439 1706; x_wconf 87' lang='lat' dir='ltr'>et</span> <span class='ocrx_word' id='word_1_102' title='bbox 457 1668 581 1706; x_wconf 85' lang='lat' dir='ltr'>Alcaei</span> <span class='ocrx_word' id='word_1_103' title='bbox 602 1669 787 1711; x_wconf 84' lang='lat' dir='ltr'>minaces,</span> 
     </span>
     <span class='ocr_line' id='line_1_22' title="bbox 251 1731 928 1783; baseline -0.003 -14"><span class='ocrx_word' id='word_1_104' title='bbox 251 1732 530 1780; x_wconf 69' lang='lat' dir='ltr'>Stesichorique</span> <span class='ocrx_word' id='word_1_105' title='bbox 546 1745 685 1783; x_wconf 83' lang='lat' dir='ltr'>graves</span> <span class='ocrx_word' id='word_1_106' title='bbox 707 1731 928 1768; x_wconf 82' lang='lat' dir='ltr'>Camoenae:</span> 
     </span>
     <span class='ocr_line' id='line_1_23' title="bbox 139 1795 875 1844; baseline 0 -12"><span class='ocrx_word' id='word_1_107' title='bbox 139 1795 234 1839; x_wconf 79' lang='lat' dir='ltr'>Nec,</span> <span class='ocrx_word' id='word_1_108' title='bbox 265 1795 290 1833; x_wconf 85' lang='lat' dir='ltr'>fi</span> <span class='ocrx_word' id='word_1_109' title='bbox 312 1796 407 1844; x_wconf 86' lang='lat' dir='ltr'>quid</span> <span class='ocrx_word' id='word_1_110' title='bbox 426 1796 521 1833; x_wconf 85' lang='lat' dir='ltr'>olim</span> <span class='ocrx_word' id='word_1_111' title='bbox 541 1795 629 1833; x_wconf 84' lang='lat' dir='ltr'>lufit</span> <span class='ocrx_word' id='word_1_112' title='bbox 649 1795 875 1839; x_wconf 76' lang='lat' dir='ltr'>Anacreon,</span> 
     </span>
     <span class='ocr_line' id='line_1_24' title="bbox 137 1858 1202 1907; baseline -0.003 -12"><span class='ocrx_word' id='word_1_113' title='bbox 137 1858 296 1896; x_wconf 80' lang='lat' dir='ltr'>Delcvit</span> <span class='ocrx_word' id='word_1_114' title='bbox 316 1868 404 1896; x_wconf 81' lang='lat' dir='ltr'>aetas</span> <span class='ocrx_word' id='word_1_115' title='bbox 421 1872 430 1896; x_wconf 75' lang='grc' dir='ltr'><strong><em>ε</em></strong></span> <span class='ocrx_word' id='word_1_116' title='bbox 459 1858 575 1907; x_wconf 86' lang='lat' dir='ltr'>spirat</span> <span class='ocrx_word' id='word_1_117' title='bbox 595 1858 721 1895; x_wconf 79' lang='lat' dir='ltr'>adhuc</span> <span class='ocrx_word' id='word_1_118' title='bbox 743 1870 868 1902; x_wconf 80' lang='lat' dir='ltr'>amor,</span> <span class='ocrx_word' id='word_1_119' title='bbox 1154 1865 1202 1892; x_wconf 80' lang='lat'>10</span> 
     </span>
     <span class='ocr_line' id='line_1_25' title="bbox 196 1921 796 1972; baseline -0.002 -12"><span class='ocrx_word' id='word_1_120' title='bbox 196 1924 423 1972; x_wconf 80' lang='lat' dir='ltr'>Vivuntque</span> <span class='ocrx_word' id='word_1_121' title='bbox 443 1922 627 1960; x_wconf 74' lang='lat' dir='ltr'>commiffx</span> <span class='ocrx_word' id='word_1_122' title='bbox 649 1921 796 1959; x_wconf 80' lang='lat' dir='ltr'>calores</span> 
     </span>
    </p>
   </div>
   <div class='ocr_carea' id='block_1_6' title="bbox 249 1985 721 2036">
    <p class='ocr_par' dir='ltr' id='par_1_13' title="bbox 249 1985 721 2036">
     <span class='ocr_line' id='line_1_26' title="bbox 249 1985 721 2036; baseline -0.008 -10"><span class='ocrx_word' id='word_1_123' title='bbox 249 1988 391 2027; x_wconf 73' lang='lat' dir='ltr'>AEoliae</span> <span class='ocrx_word' id='word_1_124' title='bbox 411 1988 551 2028; x_wconf 85' lang='lat' dir='ltr'>fidibus</span> <span class='ocrx_word' id='word_1_125' title='bbox 572 1985 721 2036; x_wconf 84' lang='lat' dir='ltr'>puellae.</span> 
     </span>
    </p>
   </div>
   <div class='ocr_carea' id='block_1_7' title="bbox 1114 2109 1204 2150">
    <p class='ocr_par' dir='ltr' id='par_1_14' title="bbox 1114 2109 1204 2150">
     <span class='ocr_line' id='line_1_27' title="bbox 1114 2109 1204 2150; baseline -0.011 0"><span class='ocrx_word' id='word_1_126' title='bbox 1114 2109 1204 2150; x_wconf 76' lang='lat' dir='ltr'>Non</span> 
     </span>
    </p>
   </div>
  </div>
 </body>
</html>
