1235 2365
145 164 221 199 180
436 158 863 213 QHORATII

129 257 215 296 Effe
233 257 305 296 feri
323 256 486 296 fimilem
506 259 606 297 dico.
665 259 854 298 Ridernus
870 274 879 298 ε
911 259 966 298 Et
984 259 1060 310 ipse

128 321 298 366 Meffius,
319 321 485 371 Accipio
503 338 513 367 ;
534 332 652 372 caput
671 332 709 360 et
728 333 872 361 movet.
895 323 931 361 O
950 325 958 359 !
981 332 1051 362 tua
1069 337 1192 364 cornu

126 383 177 422 Ni
196 383 298 422 foret
316 385 458 423 exsecto
478 385 600 431 frons,
628 387 768 436 inquit,
793 387 888 436 quid
902 385 1066 434 faceres,
1097 403 1190 429 cum

127 446 190 485 Sic
210 447 371 485 mutilus
392 448 606 487 minitaris?
639 450 701 488 At
728 450 783 488 illi
802 449 907 488 foeda
926 451 1084 489 cicatrix
1139 453 1192 492 60

127 509 298 548 Setosam
316 509 404 549 laevi
422 510 593 549 frontem
613 522 839 562 turpaverat
857 514 946 551 oris.

122 574 1187 630 Campanuminmorbum,infaciempermultajocatu5‚

121 639 319 677 Pastorem
337 638 492 676 saltaret
511 641 568 676 uti
588 639 779 693 Cyclopa,
803 643 994 693 rogabat:

122 702 190 741 Nil
210 702 264 739 illi
282 702 392 739 larva
411 712 479 739 aut
498 703 656 754 tragicis
676 716 772 752 opus
793 703 862 741 effe
881 705 1094 743 cothurnis.

124 765 256 804 Multa
271 765 442 803 Cicirrus
458 765 936 817 adhaec.Donaffetjamne
949 776 1127 805 catenam
1136 768 1184 818 65

124 829 185 867 Ex
204 839 297 866 voto
318 827 500 874 Laribus,
530 831 755 878 quaerebat:
784 830 906 867 scriba
926 830 1035 879 quod
1057 829 1159 877 effet,

122 892 308 930 Deterius
324 891 446 928 nihilo
467 892 635 930 dominre
651 895 714 943 jus
735 891 818 931 effe.
877 892 1062 946 Rogabat

122 957 319 1005 Denique,
349 969 419 993 cur
437 968 612 1004 unquam
631 955 809 1008 fugiffet;
838 956 900 993 cui
918 956 1006 993 satis
1025 968 1106 994 una

121 1017 250 1055 Farris
269 1017 368 1055 libra
388 1017 502 1062 foret,
531 1019 667 1070 gracili
687 1019 750 1063 fic,
778 1029 940 1068 tamque
961 1018 1112 1068 pufillo.

121 1081 461 1132 Prorsusjucunde
477 1094 630 1119 coenam
645 1083 899 1131 produximus
913 1082 1034 1120 illam.
1133 1093 1184 1131 70
1230 1115 1231 1118 ,

120 1144 339 1184 Tendimus
371 1144 460 1182 hinc
489 1147 590 1183 recia
611 1145 906 1192 Beneventum3
935 1146 1000 1184 ubi
1027 1144 1184 1185 sedulus
1232 1146 1235 1150 ’

280 1209 414 1258 hospes

122 1273 238 1318 Pene,
268 1285 436 1317 macros,
465 1271 568 1317 arfit,
588 1272 724 1310 turdos
744 1273 841 1310 dum
861 1273 986 1310 versat
1005 1273 1043 1309 in
1072 1271 1178 1324 ignit
1203 1313 1214 1320 ,

120 1338 226 1376 Nam
245 1351 349 1390 vaga
367 1350 434 1386 per
453 1346 624 1374 veterem
644 1336 789 1386 dilapso
803 1336 963 1373 flamma
981 1335 1153 1373 culinam

117 1401 312 1446 Vulcano,
331 1401 529 1438 summum
551 1400 783 1448 properabat
801 1399 973 1437 lambere
993 1401 1149 1437 tectum.

115 1465 310 1504 Convivas
331 1464 465 1502 avidos
484 1475 649 1507 coenam,
676 1463 877 1512 servosque
903 1464 1096 1506 timentes,
1127 1472 1176 1512 75

117 1527 226 1566 Tum
240 1537 512 1577 rapere‚atque
520 1540 653 1563 omnes
667 1526 900 1578 restinguere
909 1525 1175 1580 vellevideres,

115 1590 258 1639 Incipit
278 1604 321 1628 ex
341 1590 407 1627 illo
428 1600 578 1627 montes
598 1589 776 1639 Appulia
794 1600 907 1627 notos

111 1653 315 1691 Ostentare
335 1653 443 1696 mihi,
473 1665 570 1701 quos
591 1662 712 1689 torret
731 1652 931 1690 Atabulus
949 1666 959 1689 :
990 1660 1027 1689 et
1047 1663 1147 1699 quos

111 1716 343 1765 Numquam
364 1716 593 1765 erepsemuS,
621 1715 689 1752 nisi
707 1728 786 1752 non
805 1716 930 1752 vicina
950 1714 1097 1752 Trivici

107 1780 214 1818 Vina
234 1778 440 1828 recepisset,
468 1779 684 1828 lacrymoso
704 1792 782 1815 non
801 1778 876 1816 fine
895 1778 1007 1817 fumo
1024 1793 1036 1825 ;
1121 1779 1172 1817 80

108 1843 220 1881 Udos
241 1857 331 1881 cum
351 1843 452 1880 foliis
473 1856 602 1881 ramos
622 1852 756 1879 urente
776 1843 942 1880 camino.

106 1907 186 1945 Hic
208 1919 281 1958 ego
301 1907 546 1950 mendacem,
576 1904 823 1949 stultiffimus‚
853 1905 972 1953 usque
991 1902 1167 1953 puellam

102 1970 175 2007 Ad
188 1970 358 2007 mediam
372 1971 522 2006 noetem
537 1968 723 2017 exspecio:
738 1965 1166 2005 somnustamenaufert

102 2033 304 2071 Intentum
324 2033 464 2070 Veneri
483 2048 492 2069 ε
522 2041 608 2069 tum
629 2032 833 2069 immundo
848 2032 996 2069 somnia
1009 2031 1091 2068 visu
1112 2031 1164 2080 84

100 2095 342 2134 Nofiurnam
369 2095 511 2134 vestem
540 2094 754 2139 maculant,
780 2104 1035 2142 ventremque
1063 2093 1163 2142 supi-

259 2173 367 2198 num.

974 2211 1158 2264 Qatuor
