<?xml version="1.0" encoding="UTF-8"?>
<!DOCTYPE html PUBLIC "-//W3C//DTD XHTML 1.0 Transitional//EN"
    "http://www.w3.org/TR/xhtml1/DTD/xhtml1-transitional.dtd">
<html xmlns="http://www.w3.org/1999/xhtml" xml:lang="en" lang="en">
 <head>
  <title>
</title>
<meta http-equiv="Content-Type" content="text/html;charset=utf-8" />
  <meta name='ocr-system' content='tesseract 3.04.00' />
  <meta name='ocr-capabilities' content='ocr_page ocr_carea ocr_par ocr_line ocrx_word'/>
</head>
<body>
  <div class='ocr_page' id='page_1' title='image "./operaomniaadopti00horauoft_0153.png"; bbox 0 0 1235 2365; ppageno 0'>
   <div class='ocr_carea' id='block_1_1' title="bbox 275 139 1174 191">
    <p class='ocr_par' dir='ltr' id='par_1_1' title="bbox 275 139 1174 191">
     <span class='ocr_line' id='line_1_1' title="bbox 275 139 1174 191; baseline 0 -13"><span class='ocrx_word' id='word_1_1' title='bbox 275 139 563 180; x_wconf 77' lang='lat' dir='ltr'>EPODON</span> <span class='ocrx_word' id='word_1_2' title='bbox 610 141 843 180; x_wconf 82' lang='lat' dir='ltr'><strong>LIBER.</strong></span> <span class='ocrx_word' id='word_1_3' title='bbox 1046 154 1113 191; x_wconf 72' lang='lat'>145</span> <span class='ocrx_word' id='word_1_4' title='bbox 1167 162 1174 168; x_wconf 51' lang='grc' dir='ltr'>ν</span> 
     </span>
    </p>
   </div>
   <div class='ocr_carea' id='block_1_2' title="bbox 349 300 813 346">
    <p class='ocr_par' dir='ltr' id='par_1_2' title="bbox 349 300 813 346">
     <span class='ocr_line' id='line_1_2' title="bbox 349 300 813 346; baseline 0 -6"><span class='ocrx_word' id='word_1_5' title='bbox 349 300 696 346; x_wconf 71' lang='grc' dir='ltr'>(ΞΑΚΜΕ,Ν</span> <span class='ocrx_word' id='word_1_6' title='bbox 739 301 813 341; x_wconf 88' lang='lat' dir='ltr'>XI.</span> 
     </span>
    </p>
   </div>
   <div class='ocr_carea' id='block_1_3' title="bbox 326 421 819 461">
    <p class='ocr_par' dir='ltr' id='par_1_3' title="bbox 326 421 819 461">
     <span class='ocr_line' id='line_1_3' title="bbox 326 421 819 461; baseline 0.008 -6"><span class='ocrx_word' id='word_1_7' title='bbox 326 421 420 458; x_wconf 50' lang='lat' dir='ltr'>rAD</span> <span class='ocrx_word' id='word_1_8' title='bbox 468 421 819 461; x_wconf 85' lang='lat' dir='ltr'><strong>PETTIUM.</strong></span> 
     </span>
    </p>
   </div>
   <div class='ocr_carea' id='block_1_4' title="bbox 38 517 1115 2031">
    <p class='ocr_par' dir='ltr' id='par_1_4' title="bbox 38 517 1115 2031">
     <span class='ocr_line' id='line_1_4' title="bbox 143 517 901 570; baseline -0.003 -12"><span class='ocrx_word' id='word_1_9' title='bbox 143 520 270 564; x_wconf 83' lang='grc' dir='ltr'><em>Εττι,</em></span> <span class='ocrx_word' id='word_1_10' title='bbox 297 517 394 556; x_wconf 88' lang='lat' dir='ltr'>nihil</span> <span class='ocrx_word' id='word_1_11' title='bbox 414 532 490 565; x_wconf 91' lang='lat' dir='ltr'>me,</span> <span class='ocrx_word' id='word_1_12' title='bbox 520 519 616 558; x_wconf 86' lang='lat' dir='ltr'>ficut</span> <span class='ocrx_word' id='word_1_13' title='bbox 634 530 762 565; x_wconf 87' lang='lat' dir='ltr'>antea,</span> <span class='ocrx_word' id='word_1_14' title='bbox 786 521 901 570; x_wconf 80' lang='lat' dir='ltr'>juvat</span> 
     </span>
     <span class='ocr_line' id='line_1_5' title="bbox 146 581 1111 634; baseline 0 -14"><span class='ocrx_word' id='word_1_15' title='bbox 146 583 325 621; x_wconf 85' lang='lat' dir='ltr'>Scribere</span> <span class='ocrx_word' id='word_1_16' title='bbox 341 582 562 628; x_wconf 87' lang='lat' dir='ltr'>verficulos,</span> <span class='ocrx_word' id='word_1_17' title='bbox 582 595 716 620; x_wconf 88' lang='lat' dir='ltr'>amore</span> <span class='ocrx_word' id='word_1_18' title='bbox 736 581 957 632; x_wconf 78' lang='lat' dir='ltr'>perculsum</span> <span class='ocrx_word' id='word_1_19' title='bbox 973 582 1086 634; x_wconf 83' lang='lat' dir='ltr'>gravi</span> <span class='ocrx_word' id='word_1_20' title='bbox 1100 598 1111 628; x_wconf 81' lang='lat'><em>3</em></span> 
     </span>
     <span class='ocr_line' id='line_1_6' title="bbox 50 645 940 695; baseline -0.002 -11"><span class='ocrx_word' id='word_1_21' title='bbox 50 646 221 691; x_wconf 84' lang='lat' dir='ltr'>Amore,</span> <span class='ocrx_word' id='word_1_22' title='bbox 253 646 323 695; x_wconf 90' lang='lat' dir='ltr'>qui</span> <span class='ocrx_word' id='word_1_23' title='bbox 343 658 420 690; x_wconf 86' lang='lat' dir='ltr'>me,</span> <span class='ocrx_word' id='word_1_24' title='bbox 450 655 591 695; x_wconf 79' lang='lat' dir='ltr'>praeter</span> <span class='ocrx_word' id='word_1_25' title='bbox 612 659 764 690; x_wconf 81' lang='lat' dir='ltr'>omneS,</span> <span class='ocrx_word' id='word_1_26' title='bbox 795 645 940 693; x_wconf 82' lang='lat' dir='ltr'>expetit</span> 
     </span>
     <span class='ocr_line' id='line_1_7' title="bbox 100 707 970 759; baseline 0 -13"><span class='ocrx_word' id='word_1_27' title='bbox 100 708 286 747; x_wconf 82' lang='lat' dir='ltr'>Mollibus</span> <span class='ocrx_word' id='word_1_28' title='bbox 307 710 345 746; x_wconf 91' lang='lat' dir='ltr'>in</span> <span class='ocrx_word' id='word_1_29' title='bbox 365 709 508 758; x_wconf 88' lang='lat' dir='ltr'>pueris,</span> <span class='ocrx_word' id='word_1_30' title='bbox 537 718 606 748; x_wconf 85' lang='lat' dir='ltr'>aut</span> <span class='ocrx_word' id='word_1_31' title='bbox 625 710 663 747; x_wconf 86' lang='lat' dir='ltr'>in</span> <span class='ocrx_word' id='word_1_32' title='bbox 683 707 822 759; x_wconf 85' lang='lat' dir='ltr'>puellis</span> <span class='ocrx_word' id='word_1_33' title='bbox 842 720 970 746; x_wconf 83' lang='lat' dir='ltr'>urere.</span> 
     </span>
     <span class='ocr_line' id='line_1_8' title="bbox 48 771 1115 824; baseline -0.002 -14"><span class='ocrx_word' id='word_1_34' title='bbox 48 771 128 810; x_wconf 84' lang='lat' dir='ltr'>Hic</span> <span class='ocrx_word' id='word_1_35' title='bbox 148 773 284 811; x_wconf 87' lang='lat' dir='ltr'>tertius</span> <span class='ocrx_word' id='word_1_36' title='bbox 308 773 543 818; x_wconf 87' lang='lat' dir='ltr'>December,</span> <span class='ocrx_word' id='word_1_37' title='bbox 571 787 615 810; x_wconf 78' lang='lat' dir='ltr'>ex</span> <span class='ocrx_word' id='word_1_38' title='bbox 635 774 714 822; x_wconf 82' lang='lat' dir='ltr'>quo</span> <span class='ocrx_word' id='word_1_39' title='bbox 735 772 860 812; x_wconf 81' lang='lat' dir='ltr'>destiti</span> <span class='ocrx_word' id='word_1_40' title='bbox 1089 785 1115 824; x_wconf 79' lang='lat'><em>5</em></span> 
     </span>
     <span class='ocr_line' id='line_1_9' title="bbox 100 835 948 882; baseline -0.001 -8"><span class='ocrx_word' id='word_1_41' title='bbox 100 837 260 875; x_wconf 85' lang='lat' dir='ltr'>Inachia</span> <span class='ocrx_word' id='word_1_42' title='bbox 281 837 424 882; x_wconf 86' lang='lat' dir='ltr'>furere,</span> <span class='ocrx_word' id='word_1_43' title='bbox 454 837 554 874; x_wconf 80' lang='lat' dir='ltr'>filvis</span> <span class='ocrx_word' id='word_1_44' title='bbox 574 837 765 875; x_wconf 89' lang='lat' dir='ltr'>honorem</span> <span class='ocrx_word' id='word_1_45' title='bbox 786 835 948 874; x_wconf 83' lang='lat' dir='ltr'>decutit.</span> 
     </span>
     <span class='ocr_line' id='line_1_10' title="bbox 47 897 1051 953; baseline -0.002 -15"><span class='ocrx_word' id='word_1_46' title='bbox 47 898 142 938; x_wconf 90' lang='lat' dir='ltr'>Heu</span> <span class='ocrx_word' id='word_1_47' title='bbox 163 902 248 938; x_wconf 92' lang='lat' dir='ltr'>me!</span> <span class='ocrx_word' id='word_1_48' title='bbox 282 914 350 950; x_wconf 93' lang='lat' dir='ltr'>per</span> <span class='ocrx_word' id='word_1_49' title='bbox 370 901 521 945; x_wconf 87' lang='lat' dir='ltr'>urbem,</span> <span class='ocrx_word' id='word_1_50' title='bbox 551 901 659 945; x_wconf 89' lang='lat' dir='ltr'>(nam</span> <span class='ocrx_word' id='word_1_51' title='bbox 678 900 801 950; x_wconf 85' lang='lat' dir='ltr'>pudet</span> <span class='ocrx_word' id='word_1_52' title='bbox 820 899 918 953; x_wconf 85' lang='lat' dir='ltr'>tanti</span> <span class='ocrx_word' id='word_1_53' title='bbox 939 897 1051 948; x_wconf 85' lang='lat' dir='ltr'>mali)</span> 
     </span>
     <span class='ocr_line' id='line_1_11' title="bbox 100 962 1075 1012; baseline -0.001 -10"><span class='ocrx_word' id='word_1_54' title='bbox 100 962 250 1002; x_wconf 88' lang='lat' dir='ltr'>Fabula</span> <span class='ocrx_word' id='word_1_55' title='bbox 269 972 417 1012; x_wconf 89' lang='lat' dir='ltr'>quanta</span> <span class='ocrx_word' id='word_1_56' title='bbox 435 962 492 1001; x_wconf 81' lang='lat' dir='ltr'>fui</span> <span class='ocrx_word' id='word_1_57' title='bbox 511 966 518 1001; x_wconf 91' lang='lat'>!</span> <span class='ocrx_word' id='word_1_58' title='bbox 552 964 822 1002; x_wconf 77' lang='lat' dir='ltr'>conviviorum</span> <span class='ocrx_word' id='word_1_59' title='bbox 842 972 881 1000; x_wconf 88' lang='lat' dir='ltr'>et</span> <span class='ocrx_word' id='word_1_60' title='bbox 898 963 1075 1012; x_wconf 83' lang='lat' dir='ltr'>poenitet‚</span> 
     </span>
     <span class='ocr_line' id='line_1_12' title="bbox 46 1025 1005 1078; baseline 0 -14"><span class='ocrx_word' id='word_1_61' title='bbox 46 1026 94 1064; x_wconf 89' lang='lat' dir='ltr'>In</span> <span class='ocrx_word' id='word_1_62' title='bbox 106 1026 221 1074; x_wconf 80' lang='lat' dir='ltr'>queis</span> <span class='ocrx_word' id='word_1_63' title='bbox 237 1036 450 1070; x_wconf 83' lang='lat' dir='ltr'>amantem,</span> <span class='ocrx_word' id='word_1_64' title='bbox 481 1035 519 1064; x_wconf 85' lang='lat' dir='ltr'>et</span> <span class='ocrx_word' id='word_1_65' title='bbox 538 1026 722 1078; x_wconf 85' lang='lat' dir='ltr'>langour,</span> <span class='ocrx_word' id='word_1_66' title='bbox 753 1036 790 1064; x_wconf 89' lang='lat' dir='ltr'>et</span> <span class='ocrx_word' id='word_1_67' title='bbox 810 1025 1005 1064; x_wconf 83' lang='lat' dir='ltr'>silentium</span> 
     </span>
     <span class='ocr_line' id='line_1_13' title="bbox 97 1088 1113 1141; baseline -0.002 -14"><span class='ocrx_word' id='word_1_68' title='bbox 97 1089 266 1141; x_wconf 86' lang='lat' dir='ltr'>Arguit‚</span> <span class='ocrx_word' id='word_1_69' title='bbox 295 1098 333 1126; x_wconf 91' lang='lat' dir='ltr'>et</span> <span class='ocrx_word' id='word_1_70' title='bbox 353 1088 472 1126; x_wconf 85' lang='lat' dir='ltr'>latere</span> <span class='ocrx_word' id='word_1_71' title='bbox 492 1089 636 1138; x_wconf 87' lang='lat' dir='ltr'>petitus</span> <span class='ocrx_word' id='word_1_72' title='bbox 656 1090 735 1126; x_wconf 86' lang='lat' dir='ltr'>imo</span> <span class='ocrx_word' id='word_1_73' title='bbox 755 1089 908 1138; x_wconf 88' lang='lat' dir='ltr'>spiritus</span> <span class='ocrx_word' id='word_1_74' title='bbox 926 1091 934 1125; x_wconf 75' lang='grc' dir='ltr'>Ε</span> <span class='ocrx_word' id='word_1_75' title='bbox 1068 1100 1113 1125; x_wconf 75' lang='lat'>10</span> 
     </span>
     <span class='ocr_line' id='line_1_14' title="bbox 46 1151 907 1202; baseline -0.002 -10"><span class='ocrx_word' id='word_1_76' title='bbox 46 1151 273 1202; x_wconf 79' lang='lat' dir='ltr'>Contraque</span> <span class='ocrx_word' id='word_1_77' title='bbox 293 1152 449 1191; x_wconf 89' lang='lat' dir='ltr'>lucrum</span> <span class='ocrx_word' id='word_1_78' title='bbox 470 1153 524 1191; x_wconf 92' lang='lat' dir='ltr'>nil</span> <span class='ocrx_word' id='word_1_79' title='bbox 543 1152 672 1191; x_wconf 84' lang='lat' dir='ltr'>valere</span> <span class='ocrx_word' id='word_1_80' title='bbox 693 1154 907 1190; x_wconf 82' lang='lat' dir='ltr'>candidum</span> 
     </span>
     <span class='ocr_line' id='line_1_15' title="bbox 98 1216 1086 1268; baseline -0.001 -14"><span class='ocrx_word' id='word_1_81' title='bbox 98 1217 284 1266; x_wconf 84' lang='lat' dir='ltr'>Pauperis</span> <span class='ocrx_word' id='word_1_82' title='bbox 305 1216 521 1268; x_wconf 83' lang='lat' dir='ltr'>ingenium,</span> <span class='ocrx_word' id='word_1_83' title='bbox 550 1217 741 1265; x_wconf 76' lang='lat' dir='ltr'>querebar</span> <span class='ocrx_word' id='word_1_84' title='bbox 758 1216 966 1266; x_wconf 75' lang='lat' dir='ltr'>applcrans</span> <span class='ocrx_word' id='word_1_85' title='bbox 988 1216 1056 1254; x_wconf 85' lang='lat' dir='ltr'>tibi</span> <span class='ocrx_word' id='word_1_86' title='bbox 1076 1231 1086 1261; x_wconf 91' lang='lat'>;</span> 
     </span>
     <span class='ocr_line' id='line_1_16' title="bbox 44 1273 784 1318; baseline 0 0"><span class='ocrx_word' id='word_1_87' title='bbox 44 1279 171 1318; x_wconf 86' lang='lat' dir='ltr'>Simul</span> <span class='ocrx_word' id='word_1_88' title='bbox 191 1279 352 1318; x_wconf 86' lang='lat' dir='ltr'>calentis</span> <span class='ocrx_word' id='word_1_89' title='bbox 374 1273 656 1318; x_wconf 77' lang='lat' dir='ltr'>inverecundus</span> <span class='ocrx_word' id='word_1_90' title='bbox 674 1281 784 1318; x_wconf 78' lang='lat' dir='ltr'>Deus</span> 
     </span>
     <span class='ocr_line' id='line_1_17' title="bbox 95 1343 956 1394; baseline 0 -12"><span class='ocrx_word' id='word_1_91' title='bbox 95 1344 321 1382; x_wconf 76' lang='lat' dir='ltr'>Fervidiore</span> <span class='ocrx_word' id='word_1_92' title='bbox 341 1358 449 1383; x_wconf 90' lang='lat' dir='ltr'>mero</span> <span class='ocrx_word' id='word_1_93' title='bbox 470 1358 612 1382; x_wconf 83' lang='lat' dir='ltr'>arcana</span> <span class='ocrx_word' id='word_1_94' title='bbox 632 1354 837 1394; x_wconf 84' lang='lat' dir='ltr'>promorat</span> <span class='ocrx_word' id='word_1_95' title='bbox 855 1343 956 1382; x_wconf 89' lang='lat' dir='ltr'>loco.</span> 
     </span>
     <span class='ocr_line' id='line_1_18' title="bbox 38 1408 1113 1461; baseline 0 -16"><span class='ocrx_word' id='word_1_96' title='bbox 38 1408 168 1461; x_wconf 70' lang='lat' dir='ltr'>‘Qod</span> <span class='ocrx_word' id='word_1_97' title='bbox 187 1408 214 1446; x_wconf 84' lang='lat' dir='ltr'><strong>fi</strong></span> <span class='ocrx_word' id='word_1_98' title='bbox 233 1409 328 1446; x_wconf 83' lang='lat' dir='ltr'>meis</span> <span class='ocrx_word' id='word_1_99' title='bbox 349 1408 518 1446; x_wconf 87' lang='lat' dir='ltr'>inaestuet</span> <span class='ocrx_word' id='word_1_100' title='bbox 532 1408 755 1457; x_wconf 68' lang='lat' dir='ltr'>praecordiis</span> <span class='ocrx_word' id='word_1_101' title='bbox 1072 1422 1113 1459; x_wconf 79' lang='lat'>¹5</span> 
     </span>
     <span class='ocr_line' id='line_1_19' title="bbox 97 1471 1024 1524; baseline -0.001 -15"><span class='ocrx_word' id='word_1_102' title='bbox 97 1471 243 1510; x_wconf 87' lang='lat' dir='ltr'>Libera</span> <span class='ocrx_word' id='word_1_103' title='bbox 260 1472 362 1516; x_wconf 84' lang='lat' dir='ltr'>bilis,</span> <span class='ocrx_word' id='word_1_104' title='bbox 391 1481 436 1509; x_wconf 87' lang='lat' dir='ltr'>ut</span> <span class='ocrx_word' id='word_1_105' title='bbox 454 1471 533 1508; x_wconf 82' lang='lat' dir='ltr'>haec</span> <span class='ocrx_word' id='word_1_106' title='bbox 554 1472 708 1524; x_wconf 81' lang='lat' dir='ltr'>ingrata</span> <span class='ocrx_word' id='word_1_107' title='bbox 728 1471 853 1509; x_wconf 84' lang='lat' dir='ltr'>ventis</span> <span class='ocrx_word' id='word_1_108' title='bbox 873 1471 1024 1509; x_wconf 75' lang='lat' dir='ltr'>dividat</span> 
     </span>
     <span class='ocr_line' id='line_1_20' title="bbox 46 1532 884 1581; baseline 0.001 -9"><span class='ocrx_word' id='word_1_109' title='bbox 46 1532 251 1581; x_wconf 85' lang='lat' dir='ltr'>Fomenta,</span> <span class='ocrx_word' id='word_1_110' title='bbox 280 1535 421 1573; x_wconf 83' lang='lat' dir='ltr'>vulnus</span> <span class='ocrx_word' id='word_1_111' title='bbox 442 1535 495 1572; x_wconf 90' lang='lat' dir='ltr'>nil</span> <span class='ocrx_word' id='word_1_112' title='bbox 515 1536 665 1573; x_wconf 86' lang='lat' dir='ltr'>malum</span> <span class='ocrx_word' id='word_1_113' title='bbox 686 1535 856 1573; x_wconf 82' lang='lat' dir='ltr'>levantia</span> <span class='ocrx_word' id='word_1_114' title='bbox 874 1552 884 1580; x_wconf 88' lang='lat'>;</span> 
     </span>
     <span class='ocr_line' id='line_1_21' title="bbox 97 1591 1057 1649; baseline 0.002 -13"><span class='ocrx_word' id='word_1_115' title='bbox 97 1598 258 1636; x_wconf 78' lang='lat' dir='ltr'>Definet</span> <span class='ocrx_word' id='word_1_116' title='bbox 277 1591 491 1648; x_wconf 81' lang='lat' dir='ltr'>imparibus</span> <span class='ocrx_word' id='word_1_117' title='bbox 511 1609 659 1636; x_wconf 88' lang='lat' dir='ltr'>certare</span> <span class='ocrx_word' id='word_1_118' title='bbox 678 1599 896 1637; x_wconf 84' lang='lat' dir='ltr'>summotus</span> <span class='ocrx_word' id='word_1_119' title='bbox 917 1601 1057 1649; x_wconf 75' lang='lat' dir='ltr'>pudor.</span> 
     </span>
     <span class='ocr_line' id='line_1_22' title="bbox 44 1661 941 1712; baseline 0.001 -12"><span class='ocrx_word' id='word_1_120' title='bbox 44 1662 123 1700; x_wconf 86' lang='lat' dir='ltr'>Ubi</span> <span class='ocrx_word' id='word_1_121' title='bbox 143 1661 239 1707; x_wconf 75' lang='lat' dir='ltr'>haec,</span> <span class='ocrx_word' id='word_1_122' title='bbox 270 1662 436 1707; x_wconf 78' lang='lat' dir='ltr'>severus,</span> <span class='ocrx_word' id='word_1_123' title='bbox 465 1672 503 1700; x_wconf 90' lang='lat' dir='ltr'>te</span> <span class='ocrx_word' id='word_1_124' title='bbox 524 1662 656 1712; x_wconf 83' lang='lat' dir='ltr'>palam</span> <span class='ocrx_word' id='word_1_125' title='bbox 674 1663 941 1709; x_wconf 81' lang='lat' dir='ltr'>laudaveram,</span> 
     </span>
     <span class='ocr_line' id='line_1_23' title="bbox 94 1724 1113 1777; baseline 0.006 -15"><span class='ocrx_word' id='word_1_126' title='bbox 94 1724 218 1775; x_wconf 75' lang='lat' dir='ltr'>Jui&#39;sus</span> <span class='ocrx_word' id='word_1_127' title='bbox 239 1725 343 1763; x_wconf 83' lang='lat' dir='ltr'>abire</span> <span class='ocrx_word' id='word_1_128' title='bbox 363 1725 542 1771; x_wconf 88' lang='lat' dir='ltr'>domum,</span> <span class='ocrx_word' id='word_1_129' title='bbox 572 1725 721 1764; x_wconf 83' lang='lat' dir='ltr'>ferebar</span> <span class='ocrx_word' id='word_1_130' title='bbox 740 1727 887 1764; x_wconf 87' lang='lat' dir='ltr'>incerto</span> <span class='ocrx_word' id='word_1_131' title='bbox 908 1728 1005 1777; x_wconf 90' lang='lat' dir='ltr'>pede</span> <span class='ocrx_word' id='word_1_132' title='bbox 1064 1741 1113 1768; x_wconf 69' lang='lat'>20</span> 
     </span>
     <span class='ocr_line' id='line_1_24' title="bbox 43 1789 1005 1839; baseline 0.004 -13"><span class='ocrx_word' id='word_1_133' title='bbox 43 1789 115 1837; x_wconf 71' lang='lat' dir='ltr'>Ad</span> <span class='ocrx_word' id='word_1_134' title='bbox 134 1802 214 1826; x_wconf 88' lang='lat' dir='ltr'>non</span> <span class='ocrx_word' id='word_1_135' title='bbox 232 1789 394 1833; x_wconf 83' lang='lat' dir='ltr'>amicos,</span> <span class='ocrx_word' id='word_1_136' title='bbox 422 1789 498 1826; x_wconf 89' lang='lat' dir='ltr'>heu</span> <span class='ocrx_word' id='word_1_137' title='bbox 517 1790 525 1825; x_wconf 90' lang='lat'>!</span> <span class='ocrx_word' id='word_1_138' title='bbox 559 1789 654 1827; x_wconf 90' lang='lat' dir='ltr'>mihi</span> <span class='ocrx_word' id='word_1_139' title='bbox 674 1789 812 1839; x_wconf 83' lang='lat' dir='ltr'>posteS‚</span> <span class='ocrx_word' id='word_1_140' title='bbox 842 1799 880 1828; x_wconf 87' lang='lat' dir='ltr'>et</span> <span class='ocrx_word' id='word_1_141' title='bbox 899 1791 976 1829; x_wconf 92' lang='lat' dir='ltr'>heu</span> <span class='ocrx_word' id='word_1_142' title='bbox 996 1795 1005 1830; x_wconf 74' lang='lat' dir='ltr'>l</span> 
     </span>
     <span class='ocr_line' id='line_1_25' title="bbox 97 1851 1084 1906; baseline 0.007 -19"><span class='ocrx_word' id='word_1_143' title='bbox 97 1851 256 1889; x_wconf 88' lang='lat' dir='ltr'>Limina</span> <span class='ocrx_word' id='word_1_144' title='bbox 275 1853 388 1896; x_wconf 88' lang='lat' dir='ltr'>dura,</span> <span class='ocrx_word' id='word_1_145' title='bbox 414 1852 554 1901; x_wconf 80' lang='lat' dir='ltr'>quibus</span> <span class='ocrx_word' id='word_1_146' title='bbox 575 1852 729 1890; x_wconf 86' lang='lat' dir='ltr'>lumbos</span> <span class='ocrx_word' id='word_1_147' title='bbox 750 1862 787 1890; x_wconf 92' lang='lat' dir='ltr'>et</span> <span class='ocrx_word' id='word_1_148' title='bbox 807 1852 947 1906; x_wconf 87' lang='lat' dir='ltr'>infregi</span> <span class='ocrx_word' id='word_1_149' title='bbox 966 1854 1084 1895; x_wconf 73' lang='lat' dir='ltr'>latus.</span> 
     </span>
     <span class='ocr_line' id='line_1_26' title="bbox 44 1914 930 1967; baseline 0.002 -13"><span class='ocrx_word' id='word_1_150' title='bbox 44 1915 158 1954; x_wconf 88' lang='lat' dir='ltr'>Nunc</span> <span class='ocrx_word' id='word_1_151' title='bbox 187 1914 390 1967; x_wconf 86' lang='lat' dir='ltr'>gloriantis</span> <span class='ocrx_word' id='word_1_152' title='bbox 411 1915 628 1964; x_wconf 84' lang='lat' dir='ltr'>quamlibet</span> <span class='ocrx_word' id='word_1_153' title='bbox 656 1915 930 1956; x_wconf 86' lang='lat' dir='ltr'>mulierculam</span> 
     </span>
     <span class='ocr_line' id='line_1_27' title="bbox 95 1978 1002 2031; baseline 0.008 -16"><span class='ocrx_word' id='word_1_154' title='bbox 95 1978 260 2016; x_wconf 85' lang='lat' dir='ltr'>Vincere</span> <span class='ocrx_word' id='word_1_155' title='bbox 279 1978 456 2025; x_wconf 72' lang='lat' dir='ltr'>mollitia,</span> <span class='ocrx_word' id='word_1_156' title='bbox 485 1992 596 2016; x_wconf 91' lang='lat' dir='ltr'>amor</span> <span class='ocrx_word' id='word_1_157' title='bbox 616 1979 767 2031; x_wconf 86' lang='lat' dir='ltr'>Lycisci</span> <span class='ocrx_word' id='word_1_158' title='bbox 786 1994 850 2020; x_wconf 87' lang='lat' dir='ltr'>me</span> <span class='ocrx_word' id='word_1_159' title='bbox 869 1991 974 2022; x_wconf 87' lang='lat' dir='ltr'>tenet</span> <span class='ocrx_word' id='word_1_160' title='bbox 991 1998 1002 2022; x_wconf 90' lang='lat'>:</span> 
     </span>
    </p>
   </div>
   <div class='ocr_carea' id='block_1_5' title="bbox 552 2043 1111 2088">
    <p class='ocr_par' dir='ltr' id='par_1_5' title="bbox 552 2043 1111 2088">
     <span class='ocr_line' id='line_1_28' title="bbox 552 2043 1111 2088; baseline 0.013 -7"><span class='ocrx_word' id='word_1_161' title='bbox 552 2043 590 2081; x_wconf 92' lang='lat' dir='ltr'>N</span> <span class='ocrx_word' id='word_1_162' title='bbox 994 2049 1111 2088; x_wconf 81' lang='lat' dir='ltr'>Unde</span> 
     </span>
    </p>
   </div>
  </div>
 </body>
</html>
