1235 2365
88 118 141 157 54
409 111 475 164 Q
513 110 836 151 HQRATH

195 205 310 243 Caeca
331 206 446 245 timet
465 209 621 247 aliunde
640 208 750 254 ἶπες

88 266 204 305 Miles
224 268 401 320 sagittas,
428 280 466 309 et
486 272 652 310 celetem
670 271 810 324 fugam

86 331 220 369 Parthi
239 347 249 377 ;
280 344 436 373 catenas
458 336 640 382 Parthus,
670 346 709 374 et
730 337 878 375 Italum

141 394 280 435 Robur.
297 411 306 434 ε
335 396 400 435 sed
420 399 629 448 improvisa
645 398 742 437 lethi

192 459 261 495 Vis
281 462 425 509 rapuit,
454 462 657 511 rapietque
677 471 827 514 genteS.

83 522 219 574 Qam
238 536 335 572 pene
354 523 478 562 furvae
497 539 620 578 regna
639 526 891 574 Proserpinae,

87 584 140 622 Et
156 587 401 635 judicantem
421 590 592 627 vidimus
612 589 805 633 AEacum,

140 649 331 698 Sedesque
353 651 533 689 discretas
554 652 725 701 piorum,
755 659 794 688 et

191 711 331 750 AEoliis
352 713 494 753 fidibus
515 724 746 763 querentem

87 774 245 824 Sappho
269 775 407 824 puellis
429 777 476 814 de
498 777 751 826 popularibus
769 791 788 822 ς,

87 837 142 875 Et
160 847 199 874 te
217 838 420 876 sonantem
440 839 591 889 plenius
611 853 745 886 aure0,

138 900 291 946 Alcaee‚
322 902 482 951 plectro,
513 904 614 940 dura
632 903 758 948 navis,

190 964 307 1002 Dura
325 965 431 1017 fugae
450 966 570 1011 mala,
599 967 700 1004 dura
717 965 827 1004 belli,-

87 1028 316 1071 Utrumque
335 1029 443 1070 sacra
463 1030 582 1081 digna
602 1029 750 1068 silentio

86 1100 284 1139 Mirantur
313 1103 463 1140 umbric-
484 1103 635 1139 dicere:
666 1101 728 1139 sed
745 1103 872 1156 magis

140 1164 299 1216 Pugnas
320 1174 358 1202 et
378 1167 527 1203 exactos
546 1175 733 1214 tyrannos

192 1228 371 1266 Densum
390 1229 565 1266 humeris
584 1229 682 1266 bibit
702 1242 794 1266 aure
810 1227 970 1280 vulgus.

86 1291 197 1344 Qid
219 1293 364 1330 mirum
382 1294 393 1330 ?
421 1293 487 1330 ubi
509 1292 583 1329 illis
603 1293 841 1330 carminibus
862 1292 1014 1342 stupens

85 1353 274 1392 Demittit
294 1365 397 1392 atras
416 1354 548 1392 bellua
568 1355 761 1404 centiceps

137 1416 287 1462 Aures,
316 1427 352 1455 et
372 1418 506 1454 intorti
520 1416 670 1466 capillis

194 1479 463 1518 Eumenidum
482 1490 707 1522 recreantur
725 1494 871 1533 angues
889 1481 903 1518 ἓ

87 1543 197 1598 Qin
218 1554 255 1581 et
276 1544 550 1588 Prometheus,
580 1553 618 1581 et
638 1543 792 1593 Pelopis
811 1538 953 1593 parens

87 1606 210 1645 Dulci
230 1606 411 1645 laborum
434 1608 625 1656 decipitur
644 1606 762 1645 sono:

141 1669 223 1708 Nec
245 1679 356 1707 curat
376 1670 499 1707 Orion
520 1670 664 1714 leones,

193 1733 283 1774 Aut
302 1735 459 1774 timidos
480 1734 629 1788 agitare
650 1734 800 1784 lyncas.

1109 456 1212 500 ια’

1102 1746 1156 1784 40

1022 1974 1157 2014 CAR-
