<?xml version="1.0" encoding="UTF-8"?>
<!DOCTYPE html PUBLIC "-//W3C//DTD XHTML 1.0 Transitional//EN"
    "http://www.w3.org/TR/xhtml1/DTD/xhtml1-transitional.dtd">
<html xmlns="http://www.w3.org/1999/xhtml" xml:lang="en" lang="en">
 <head>
  <title>
</title>
<meta http-equiv="Content-Type" content="text/html;charset=utf-8" />
  <meta name='ocr-system' content='tesseract 3.04.00' />
  <meta name='ocr-capabilities' content='ocr_page ocr_carea ocr_par ocr_line ocrx_word'/>
</head>
<body>
  <div class='ocr_page' id='page_1' title='image "./operaomniaadopti00horauoft_0276.png"; bbox 0 0 1235 2365; ppageno 0'>
   <div class='ocr_carea' id='block_1_1' title="bbox 77 106 852 161">
    <p class='ocr_par' dir='ltr' id='par_1_1' title="bbox 77 106 852 161">
     <span class='ocr_line' id='line_1_1' title="bbox 77 106 852 161; baseline -0.003 -14"><span class='ocrx_word' id='word_1_1' title='bbox 77 109 153 148; x_wconf 45' lang='grc' dir='ltr'>κᾶε</span> <span class='ocrx_word' id='word_1_2' title='bbox 420 106 491 161; x_wconf 78' lang='lat' dir='ltr'>Q</span> <span class='ocrx_word' id='word_1_3' title='bbox 522 106 852 146; x_wconf 84' lang='lat' dir='ltr'>HORATII</span> 
     </span>
    </p>
   </div>
   <div class='ocr_carea' id='block_1_2' title="bbox 74 204 1159 1200">
    <p class='ocr_par' dir='ltr' id='par_1_2' title="bbox 74 204 1159 1200">
     <span class='ocr_line' id='line_1_2' title="bbox 75 204 1140 257; baseline 0.004 -15"><span class='ocrx_word' id='word_1_4' title='bbox 75 206 238 250; x_wconf 74' lang='lat' dir='ltr'>Contra,</span> <span class='ocrx_word' id='word_1_5' title='bbox 267 218 384 254; x_wconf 83' lang='lat' dir='ltr'>quem</span> <span class='ocrx_word' id='word_1_6' title='bbox 405 205 549 255; x_wconf 76' lang='lat' dir='ltr'>duplici</span> <span class='ocrx_word' id='word_1_7' title='bbox 569 219 698 255; x_wconf 83' lang='lat' dir='ltr'>panno</span> <span class='ocrx_word' id='word_1_8' title='bbox 716 205 905 256; x_wconf 82' lang='lat' dir='ltr'>patientia</span> <span class='ocrx_word' id='word_1_9' title='bbox 923 204 1044 252; x_wconf 82' lang='lat' dir='ltr'>velat,</span> <span class='ocrx_word' id='word_1_10' title='bbox 1092 217 1113 246; x_wconf 85' lang='lat'><em>2</em></span> <span class='ocrx_word' id='word_1_11' title='bbox 1116 216 1140 257; x_wconf 80' lang='grc'><em>5</em></span> 
     </span>
     <span class='ocr_line' id='line_1_3' title="bbox 74 267 895 312; baseline 0 -7"><span class='ocrx_word' id='word_1_12' title='bbox 74 267 265 312; x_wconf 80' lang='lat' dir='ltr'>Mirabor,</span> <span class='ocrx_word' id='word_1_13' title='bbox 294 268 383 306; x_wconf 68' lang='lat' dir='ltr'>vitae</span> <span class='ocrx_word' id='word_1_14' title='bbox 403 268 466 306; x_wconf 73' lang='lat' dir='ltr'>via</span> <span class='ocrx_word' id='word_1_15' title='bbox 485 268 512 306; x_wconf 86' lang='lat' dir='ltr'><strong>fi</strong></span> <span class='ocrx_word' id='word_1_16' title='bbox 531 269 714 308; x_wconf 83' lang='lat' dir='ltr'>conversa</span> <span class='ocrx_word' id='word_1_17' title='bbox 733 268 895 307; x_wconf 83' lang='lat' dir='ltr'>decebit.</span> 
     </span>
     <span class='ocr_line' id='line_1_4' title="bbox 75 330 1036 382; baseline 0.003 -15"><span class='ocrx_word' id='word_1_18' title='bbox 75 330 194 368; x_wconf 76' lang='lat' dir='ltr'>Alter</span> <span class='ocrx_word' id='word_1_19' title='bbox 217 343 458 380; x_wconf 80' lang='lat' dir='ltr'>purpureum</span> <span class='ocrx_word' id='word_1_20' title='bbox 476 344 556 370; x_wconf 80' lang='lat' dir='ltr'>non</span> <span class='ocrx_word' id='word_1_21' title='bbox 575 332 802 382; x_wconf 66' lang='lat' dir='ltr'>exspectabit</span> <span class='ocrx_word' id='word_1_22' title='bbox 821 331 1007 371; x_wconf 71' lang='lat' dir='ltr'>amiftum</span> <span class='ocrx_word' id='word_1_23' title='bbox 1023 346 1036 378; x_wconf 85' lang='lat'>;</span> 
     </span>
     <span class='ocr_line' id='line_1_5' title="bbox 76 392 1074 448; baseline 0.004 -18"><span class='ocrx_word' id='word_1_24' title='bbox 76 392 282 448; x_wconf 83' lang='lat' dir='ltr'>Qidlibet</span> <span class='ocrx_word' id='word_1_25' title='bbox 301 394 461 432; x_wconf 90' lang='lat' dir='ltr'>indutus</span> <span class='ocrx_word' id='word_1_26' title='bbox 480 394 732 435; x_wconf 85' lang='lat' dir='ltr'>celeberrima</span> <span class='ocrx_word' id='word_1_27' title='bbox 750 409 819 446; x_wconf 90' lang='lat' dir='ltr'>per</span> <span class='ocrx_word' id='word_1_28' title='bbox 834 395 923 434; x_wconf 86' lang='lat' dir='ltr'>loca</span> <span class='ocrx_word' id='word_1_29' title='bbox 940 395 1074 442; x_wconf 86' lang='lat' dir='ltr'>vadet,</span> 
     </span>
     <span class='ocr_line' id='line_1_6' title="bbox 77 455 1110 509; baseline 0.004 -16"><span class='ocrx_word' id='word_1_30' title='bbox 77 455 365 505; x_wconf 81' lang='lat' dir='ltr'>Personamque</span> <span class='ocrx_word' id='word_1_31' title='bbox 384 455 483 495; x_wconf 87' lang='lat' dir='ltr'>feret</span> <span class='ocrx_word' id='word_1_32' title='bbox 502 471 582 496; x_wconf 89' lang='lat' dir='ltr'>non</span> <span class='ocrx_word' id='word_1_33' title='bbox 602 459 855 498; x_wconf 85' lang='lat' dir='ltr'>inconcinnus</span> <span class='ocrx_word' id='word_1_34' title='bbox 874 467 1084 509; x_wconf 78' lang='lat' dir='ltr'>utramque</span> <span class='ocrx_word' id='word_1_35' title='bbox 1098 473 1110 497; x_wconf 71' lang='grc' dir='ltr'><strong>ε</strong></span> 
     </span>
     <span class='ocr_line' id='line_1_7' title="bbox 77 510 1151 576; baseline 0.003 -17"><span class='ocrx_word' id='word_1_36' title='bbox 77 519 196 559; x_wconf 80' lang='lat' dir='ltr'>Alter</span> <span class='ocrx_word' id='word_1_37' title='bbox 215 519 341 558; x_wconf 84' lang='lat' dir='ltr'>Mileti</span> <span class='ocrx_word' id='word_1_38' title='bbox 362 530 509 559; x_wconf 82' lang='lat' dir='ltr'><strong>textam</strong></span> <span class='ocrx_word' id='word_1_39' title='bbox 528 535 622 560; x_wconf 91' lang='lat' dir='ltr'>cane</span> <span class='ocrx_word' id='word_1_40' title='bbox 642 524 752 574; x_wconf 87' lang='lat' dir='ltr'>pejus</span> <span class='ocrx_word' id='word_1_41' title='bbox 772 532 811 561; x_wconf 88' lang='lat' dir='ltr'>et</span> <span class='ocrx_word' id='word_1_42' title='bbox 831 510 960 576; x_wconf 80' lang='lat' dir='ltr'>angue</span> <span class='ocrx_word' id='word_1_43' title='bbox 1098 534 1151 575; x_wconf 82' lang='lat'>30</span> 
     </span>
     <span class='ocr_line' id='line_1_8' title="bbox 75 583 1086 639; baseline 0.005 -19"><span class='ocrx_word' id='word_1_44' title='bbox 75 583 228 621; x_wconf 78' lang='lat' dir='ltr'>vitabit</span> <span class='ocrx_word' id='word_1_45' title='bbox 248 583 527 633; x_wconf 79' lang='lat' dir='ltr'>chlamydem3</span> <span class='ocrx_word' id='word_1_46' title='bbox 557 586 751 624; x_wconf 86' lang='lat' dir='ltr'>morietur</span> <span class='ocrx_word' id='word_1_47' title='bbox 769 585 931 639; x_wconf 83' lang='lat' dir='ltr'>frigore,</span> <span class='ocrx_word' id='word_1_48' title='bbox 959 585 987 624; x_wconf 89' lang='lat' dir='ltr'>fi</span> <span class='ocrx_word' id='word_1_49' title='bbox 1005 599 1086 625; x_wconf 89' lang='lat' dir='ltr'>non</span> 
     </span>
     <span class='ocr_line' id='line_1_9' title="bbox 80 646 1133 701; baseline 0.006 -18"><span class='ocrx_word' id='word_1_50' title='bbox 80 646 292 684; x_wconf 81' lang='lat' dir='ltr'>Rettuleris</span> <span class='ocrx_word' id='word_1_51' title='bbox 312 660 506 697; x_wconf 86' lang='lat' dir='ltr'>pannum:</span> <span class='ocrx_word' id='word_1_52' title='bbox 543 649 658 694; x_wconf 88' lang='lat' dir='ltr'>refer,</span> <span class='ocrx_word' id='word_1_53' title='bbox 687 658 726 687; x_wconf 85' lang='lat' dir='ltr'>et</span> <span class='ocrx_word' id='word_1_54' title='bbox 744 649 820 688; x_wconf 86' lang='lat' dir='ltr'>fine</span> <span class='ocrx_word' id='word_1_55' title='bbox 838 651 947 689; x_wconf 85' lang='lat' dir='ltr'>vivat</span> <span class='ocrx_word' id='word_1_56' title='bbox 965 651 1133 701; x_wconf 82' lang='lat' dir='ltr'>ineptus.</span> 
     </span>
     <span class='ocr_line' id='line_1_10' title="bbox 81 709 1092 762; baseline 0.006 -15"><span class='ocrx_word' id='word_1_57' title='bbox 81 709 158 748; x_wconf 87' lang='lat' dir='ltr'>Res</span> <span class='ocrx_word' id='word_1_58' title='bbox 179 723 327 762; x_wconf 81' lang='lat' dir='ltr'><strong>gerere,</strong></span> <span class='ocrx_word' id='word_1_59' title='bbox 356 720 395 748; x_wconf 91' lang='lat' dir='ltr'>et</span> <span class='ocrx_word' id='word_1_60' title='bbox 414 720 548 760; x_wconf 84' lang='lat' dir='ltr'>captos</span> <span class='ocrx_word' id='word_1_61' title='bbox 568 711 765 750; x_wconf 88' lang='lat' dir='ltr'>ostendere</span> <span class='ocrx_word' id='word_1_62' title='bbox 785 713 932 751; x_wconf 85' lang='lat' dir='ltr'>civibus</span> <span class='ocrx_word' id='word_1_63' title='bbox 952 714 1092 761; x_wconf 84' lang='lat' dir='ltr'>hostes,</span> 
     </span>
     <span class='ocr_line' id='line_1_11' title="bbox 79 775 967 827; baseline 0.002 -14"><span class='ocrx_word' id='word_1_64' title='bbox 79 775 260 827; x_wconf 74' lang='lat' dir='ltr'>Attingit</span> <span class='ocrx_word' id='word_1_65' title='bbox 278 775 417 813; x_wconf 79' lang='lat' dir='ltr'>solium</span> <span class='ocrx_word' id='word_1_66' title='bbox 439 775 562 824; x_wconf 82' lang='lat' dir='ltr'>Jovis,</span> <span class='ocrx_word' id='word_1_67' title='bbox 593 785 630 813; x_wconf 89' lang='lat' dir='ltr'>et</span> <span class='ocrx_word' id='word_1_68' title='bbox 650 776 815 814; x_wconf 87' lang='lat' dir='ltr'>coelestia</span> <span class='ocrx_word' id='word_1_69' title='bbox 829 785 967 815; x_wconf 86' lang='lat' dir='ltr'>tentat.</span> 
     </span>
     <span class='ocr_line' id='line_1_12' title="bbox 81 837 1156 894; baseline 0.002 -18"><span class='ocrx_word' id='word_1_70' title='bbox 81 838 324 887; x_wconf 84' lang='lat' dir='ltr'>Principibus</span> <span class='ocrx_word' id='word_1_71' title='bbox 341 837 520 887; x_wconf 66' lang='lat' dir='ltr'>placuisse</span> <span class='ocrx_word' id='word_1_72' title='bbox 534 838 640 883; x_wconf 86' lang='lat' dir='ltr'>viris,</span> <span class='ocrx_word' id='word_1_73' title='bbox 660 853 739 877; x_wconf 90' lang='lat' dir='ltr'>non</span> <span class='ocrx_word' id='word_1_74' title='bbox 754 840 896 879; x_wconf 86' lang='lat' dir='ltr'>ultima</span> <span class='ocrx_word' id='word_1_75' title='bbox 913 841 999 879; x_wconf 87' lang='lat' dir='ltr'>laus</span> <span class='ocrx_word' id='word_1_76' title='bbox 1019 839 1083 880; x_wconf 88' lang='lat' dir='ltr'>est.</span> <span class='ocrx_word' id='word_1_77' title='bbox 1105 854 1156 894; x_wconf 78' lang='lat'>35</span> 
     </span>
     <span class='ocr_line' id='line_1_13' title="bbox 81 901 1093 953; baseline 0.002 -13"><span class='ocrx_word' id='word_1_78' title='bbox 81 901 173 940; x_wconf 87' lang='lat' dir='ltr'>Non</span> <span class='ocrx_word' id='word_1_79' title='bbox 194 901 314 939; x_wconf 67' lang='lat' dir='ltr'>cuivis</span> <span class='ocrx_word' id='word_1_80' title='bbox 335 901 484 939; x_wconf 87' lang='lat' dir='ltr'>homini</span> <span class='ocrx_word' id='word_1_81' title='bbox 505 902 697 953; x_wconf 84' lang='lat' dir='ltr'>contingit</span> <span class='ocrx_word' id='word_1_82' title='bbox 717 903 823 940; x_wconf 84' lang='lat' dir='ltr'>adire</span> <span class='ocrx_word' id='word_1_83' title='bbox 844 903 1093 942; x_wconf 86' lang='lat' dir='ltr'>Corinthum.</span> 
     </span>
     <span class='ocr_line' id='line_1_14' title="bbox 85 965 1020 1013; baseline 0.002 -11"><span class='ocrx_word' id='word_1_84' title='bbox 85 965 207 1009; x_wconf 82' lang='lat' dir='ltr'>Sedit,</span> <span class='ocrx_word' id='word_1_85' title='bbox 238 965 304 1013; x_wconf 86' lang='lat' dir='ltr'>qui</span> <span class='ocrx_word' id='word_1_86' title='bbox 325 965 457 1002; x_wconf 77' lang='lat' dir='ltr'>timuit</span> <span class='ocrx_word' id='word_1_87' title='bbox 477 978 524 1002; x_wconf 89' lang='lat' dir='ltr'>ne</span> <span class='ocrx_word' id='word_1_88' title='bbox 544 978 623 1003; x_wconf 88' lang='lat' dir='ltr'>non</span> <span class='ocrx_word' id='word_1_89' title='bbox 640 966 887 1004; x_wconf 83' lang='lat' dir='ltr'>succederet:</span> <span class='ocrx_word' id='word_1_90' title='bbox 918 966 1020 1004; x_wconf 86' lang='lat' dir='ltr'>esto:</span> 
     </span>
     <span class='ocr_line' id='line_1_15' title="bbox 82 1026 1064 1082; baseline 0.001 -17"><span class='ocrx_word' id='word_1_91' title='bbox 82 1029 221 1082; x_wconf 79' lang='lat' dir='ltr'>Qid?</span> <span class='ocrx_word' id='word_1_92' title='bbox 250 1029 315 1077; x_wconf 88' lang='lat' dir='ltr'>qui</span> <span class='ocrx_word' id='word_1_93' title='bbox 336 1029 524 1077; x_wconf 84' lang='lat' dir='ltr'>pervenit,</span> <span class='ocrx_word' id='word_1_94' title='bbox 554 1026 695 1066; x_wconf 87' lang='lat' dir='ltr'>fecitne</span> <span class='ocrx_word' id='word_1_95' title='bbox 714 1029 906 1068; x_wconf 79' lang='lat' dir='ltr'>viriliter?</span> <span class='ocrx_word' id='word_1_96' title='bbox 933 1029 1064 1078; x_wconf 89' lang='lat' dir='ltr'>Atqui</span> 
     </span>
     <span class='ocr_line' id='line_1_16' title="bbox 85 1090 1159 1141; baseline 0.001 -13"><span class='ocrx_word' id='word_1_97' title='bbox 85 1090 166 1128; x_wconf 83' lang='lat' dir='ltr'>Hic</span> <span class='ocrx_word' id='word_1_98' title='bbox 183 1091 247 1136; x_wconf 87' lang='lat' dir='ltr'>est,</span> <span class='ocrx_word' id='word_1_99' title='bbox 268 1102 334 1130; x_wconf 78' lang='lat' dir='ltr'>aut</span> <span class='ocrx_word' id='word_1_100' title='bbox 351 1092 557 1140; x_wconf 77' lang='lat' dir='ltr'>nusquam,</span> <span class='ocrx_word' id='word_1_101' title='bbox 578 1092 686 1140; x_wconf 87' lang='lat' dir='ltr'>quod</span> <span class='ocrx_word' id='word_1_102' title='bbox 702 1092 926 1141; x_wconf 64' lang='lat' dir='ltr'>quaerimus·</span> <span class='ocrx_word' id='word_1_103' title='bbox 959 1091 1039 1130; x_wconf 90' lang='lat' dir='ltr'>Hic</span> <span class='ocrx_word' id='word_1_104' title='bbox 1061 1104 1159 1129; x_wconf 90' lang='lat' dir='ltr'>onus</span> 
     </span>
     <span class='ocr_line' id='line_1_17' title="bbox 246 1155 393 1200; baseline 0.007 -9"><span class='ocrx_word' id='word_1_105' title='bbox 246 1155 393 1200; x_wconf 81' lang='lat' dir='ltr'>horret,</span> 
     </span>
    </p>
   </div>
   <div class='ocr_carea' id='block_1_3' title="bbox 85 1219 1163 1270">
    <p class='ocr_par' dir='ltr' id='par_1_3' title="bbox 85 1219 1163 1270">
     <span class='ocr_line' id='line_1_18' title="bbox 85 1219 1163 1270; baseline 0 -14"><span class='ocrx_word' id='word_1_106' title='bbox 85 1219 144 1256; x_wconf 81' lang='lat' dir='ltr'>Ut</span> <span class='ocrx_word' id='word_1_107' title='bbox 162 1219 289 1267; x_wconf 70' lang='lat' dir='ltr'>parvis</span> <span class='ocrx_word' id='word_1_108' title='bbox 310 1219 463 1263; x_wconf 75' lang='lat' dir='ltr'>animis,</span> <span class='ocrx_word' id='word_1_109' title='bbox 493 1228 531 1256; x_wconf 84' lang='lat' dir='ltr'>ct</span> <span class='ocrx_word' id='word_1_110' title='bbox 557 1232 678 1269; x_wconf 79' lang='lat' dir='ltr'>parvo</span> <span class='ocrx_word' id='word_1_111' title='bbox 699 1233 860 1269; x_wconf 83' lang='lat' dir='ltr'>corpore</span> <span class='ocrx_word' id='word_1_112' title='bbox 884 1219 1036 1270; x_wconf 78' lang='lat' dir='ltr'>majus3</span> <span class='ocrx_word' id='word_1_113' title='bbox 1109 1229 1163 1267; x_wconf 88' lang='lat'>40</span> 
     </span>
    </p>
   </div>
   <div class='ocr_carea' id='block_1_4' title="bbox 86 1281 1164 1524">
    <p class='ocr_par' dir='ltr' id='par_1_4' title="bbox 86 1281 1163 1462">
     <span class='ocr_line' id='line_1_19' title="bbox 87 1281 1163 1332; baseline 0 -13"><span class='ocrx_word' id='word_1_114' title='bbox 87 1283 166 1320; x_wconf 79' lang='lat' dir='ltr'>Hic</span> <span class='ocrx_word' id='word_1_115' title='bbox 184 1284 295 1327; x_wconf 77' lang='lat' dir='ltr'>subit,</span> <span class='ocrx_word' id='word_1_116' title='bbox 317 1293 352 1320; x_wconf 83' lang='lat' dir='ltr'>et</span> <span class='ocrx_word' id='word_1_117' title='bbox 369 1282 527 1332; x_wconf 73' lang='lat' dir='ltr'>perfert.</span> <span class='ocrx_word' id='word_1_118' title='bbox 559 1283 648 1320; x_wconf 86' lang='lat' dir='ltr'>Aut</span> <span class='ocrx_word' id='word_1_119' title='bbox 670 1283 794 1321; x_wconf 87' lang='lat' dir='ltr'>virtus</span> <span class='ocrx_word' id='word_1_120' title='bbox 811 1296 954 1320; x_wconf 83' lang='lat' dir='ltr'>nornen</span> <span class='ocrx_word' id='word_1_121' title='bbox 969 1283 1080 1320; x_wconf 83' lang='lat' dir='ltr'>inane</span> <span class='ocrx_word' id='word_1_122' title='bbox 1097 1281 1163 1327; x_wconf 89' lang='lat' dir='ltr'>est,</span> 
     </span>
     <span class='ocr_line' id='line_1_20' title="bbox 86 1345 1109 1396; baseline -0.002 -12"><span class='ocrx_word' id='word_1_123' title='bbox 86 1347 176 1385; x_wconf 76' lang='lat' dir='ltr'>Aut</span> <span class='ocrx_word' id='word_1_124' title='bbox 199 1348 315 1384; x_wconf 85' lang='lat' dir='ltr'>decus</span> <span class='ocrx_word' id='word_1_125' title='bbox 338 1358 374 1384; x_wconf 84' lang='lat' dir='ltr'>et</span> <span class='ocrx_word' id='word_1_126' title='bbox 395 1347 563 1395; x_wconf 81' lang='lat' dir='ltr'>pretium</span> <span class='ocrx_word' id='word_1_127' title='bbox 584 1348 681 1382; x_wconf 58' lang='lat' dir='ltr'>recte</span> <span class='ocrx_word' id='word_1_128' title='bbox 704 1347 800 1396; x_wconf 85' lang='lat' dir='ltr'>petit</span> <span class='ocrx_word' id='word_1_129' title='bbox 820 1346 1018 1395; x_wconf 68' lang='lat' dir='ltr'>experiens</span> <span class='ocrx_word' id='word_1_130' title='bbox 1035 1345 1109 1383; x_wconf 87' lang='lat' dir='ltr'>vir.</span> 
     </span>
     <span class='ocr_line' id='line_1_21' title="bbox 88 1398 960 1462; baseline -0.001 -15"><span class='ocrx_word' id='word_1_131' title='bbox 88 1411 233 1448; x_wconf 74' lang='lat' dir='ltr'>Coram</span> <span class='ocrx_word' id='word_1_132' title='bbox 256 1424 346 1462; x_wconf 83' lang='lat' dir='ltr'>rege</span> <span class='ocrx_word' id='word_1_133' title='bbox 367 1411 433 1447; x_wconf 80' lang='lat' dir='ltr'>sua</span> <span class='ocrx_word' id='word_1_134' title='bbox 455 1410 501 1447; x_wconf 88' lang='lat' dir='ltr'>de</span> <span class='ocrx_word' id='word_1_135' title='bbox 522 1420 751 1459; x_wconf 85' lang='lat' dir='ltr'>paupertate</span> <span class='ocrx_word' id='word_1_136' title='bbox 772 1398 960 1454; x_wconf 80' lang='lat' dir='ltr'>taceri‘tes,</span> 
     </span>
    </p>

    <p class='ocr_par' dir='ltr' id='par_1_5' title="bbox 88 1472 1164 1524">
     <span class='ocr_line' id='line_1_22' title="bbox 88 1472 1164 1524; baseline -0.004 -11"><span class='ocrx_word' id='word_1_137' title='bbox 88 1475 181 1513; x_wconf 77' lang='lat' dir='ltr'>Plus</span> <span class='ocrx_word' id='word_1_138' title='bbox 202 1476 377 1524; x_wconf 79' lang='lat' dir='ltr'>poscente</span> <span class='ocrx_word' id='word_1_139' title='bbox 394 1473 531 1513; x_wconf 84' lang='lat' dir='ltr'>ferent.</span> <span class='ocrx_word' id='word_1_140' title='bbox 589 1474 732 1519; x_wconf 83' lang='lat' dir='ltr'>Distat,</span> <span class='ocrx_word' id='word_1_141' title='bbox 761 1474 934 1513; x_wconf 85' lang='lat' dir='ltr'>sumasne</span> <span class='ocrx_word' id='word_1_142' title='bbox 954 1472 1164 1523; x_wconf 88' lang='lat' dir='ltr'>pudenter,</span> 
     </span>
    </p>
   </div>
   <div class='ocr_carea' id='block_1_5' title="bbox 1186 436 1207 1302">
    <p class='ocr_par' dir='ltr' id='par_1_6' title="bbox 1186 436 1207 1302">
     <span class='ocr_line' id='line_1_23' title="bbox 1186 436 1207 1302; baseline 0 0"><span class='ocrx_word' id='word_1_143' title='bbox 1186 436 1207 1302; x_wconf 95' lang='lat' dir='ltr'> </span> 
     </span>
    </p>
   </div>
   <div class='ocr_carea' id='block_1_6' title="bbox 87 1535 1235 1588">
    <p class='ocr_par' dir='ltr' id='par_1_7' title="bbox 87 1535 1235 1588">
     <span class='ocr_line' id='line_1_24' title="bbox 87 1535 1235 1588; baseline -0.001 -13"><span class='ocrx_word' id='word_1_144' title='bbox 87 1539 159 1575; x_wconf 74' lang='lat' dir='ltr'>An</span> <span class='ocrx_word' id='word_1_145' title='bbox 172 1539 311 1587; x_wconf 85' lang='lat' dir='ltr'>rapias.</span> <span class='ocrx_word' id='word_1_146' title='bbox 325 1538 453 1587; x_wconf 84' lang='lat' dir='ltr'>Atqui</span> <span class='ocrx_word' id='word_1_147' title='bbox 468 1552 598 1576; x_wconf 79' lang='lat' dir='ltr'>rerum</span> <span class='ocrx_word' id='word_1_148' title='bbox 613 1548 730 1588; x_wconf 82' lang='lat' dir='ltr'>caput</span> <span class='ocrx_word' id='word_1_149' title='bbox 745 1538 816 1575; x_wconf 89' lang='lat' dir='ltr'>hoc</span> <span class='ocrx_word' id='word_1_150' title='bbox 830 1537 993 1581; x_wconf 81' lang='lat' dir='ltr'>erat‚hic</span> <span class='ocrx_word' id='word_1_151' title='bbox 1004 1535 1165 1588; x_wconf 75' lang='lat' dir='ltr'>fons-45</span> <span class='ocrx_word' id='word_1_152' title='bbox 1187 1565 1194 1570; x_wconf 64' lang='grc'><strong><em>,</em></strong></span> <span class='ocrx_word' id='word_1_153' title='bbox 1231 1546 1235 1552; x_wconf 72' lang='lat'><strong>⁴</strong></span> 
     </span>
    </p>
   </div>
   <div class='ocr_carea' id='block_1_7' title="bbox 90 1601 1169 2032">
    <p class='ocr_par' dir='ltr' id='par_1_8' title="bbox 93 1601 1033 1652">
     <span class='ocr_line' id='line_1_25' title="bbox 93 1601 1033 1652; baseline -0.003 -13"><span class='ocrx_word' id='word_1_154' title='bbox 93 1603 278 1641; x_wconf 73' lang='lat' dir='ltr'>Indotata</span> <span class='ocrx_word' id='word_1_155' title='bbox 298 1603 392 1641; x_wconf 82' lang='lat' dir='ltr'>mihi</span> <span class='ocrx_word' id='word_1_156' title='bbox 414 1603 519 1639; x_wconf 87' lang='lat' dir='ltr'>soror</span> <span class='ocrx_word' id='word_1_157' title='bbox 540 1602 605 1647; x_wconf 83' lang='lat' dir='ltr'>est,</span> <span class='ocrx_word' id='word_1_158' title='bbox 634 1601 873 1652; x_wconf 77' lang='lat' dir='ltr'>paupercula</span> <span class='ocrx_word' id='word_1_159' title='bbox 892 1609 1033 1644; x_wconf 85' lang='lat' dir='ltr'>mater,</span> 
     </span>
    </p>

    <p class='ocr_par' dir='ltr' id='par_1_9' title="bbox 90 1663 1167 1841">
     <span class='ocr_line' id='line_1_26' title="bbox 92 1663 1081 1714; baseline -0.004 -10"><span class='ocrx_word' id='word_1_160' title='bbox 92 1667 147 1704; x_wconf 84' lang='lat' dir='ltr'>Et</span> <span class='ocrx_word' id='word_1_161' title='bbox 165 1665 310 1703; x_wconf 83' lang='lat' dir='ltr'>fundus</span> <span class='ocrx_word' id='word_1_162' title='bbox 332 1680 400 1703; x_wconf 81' lang='lat' dir='ltr'>nec</span> <span class='ocrx_word' id='word_1_163' title='bbox 421 1666 640 1710; x_wconf 79' lang='lat' dir='ltr'>vendibilis,</span> <span class='ocrx_word' id='word_1_164' title='bbox 669 1679 738 1703; x_wconf 88' lang='lat' dir='ltr'>nec</span> <span class='ocrx_word' id='word_1_165' title='bbox 759 1665 910 1714; x_wconf 81' lang='lat' dir='ltr'>pascere</span> <span class='ocrx_word' id='word_1_166' title='bbox 931 1663 1081 1708; x_wconf 86' lang='lat' dir='ltr'>firmus,</span> 
     </span>
     <span class='ocr_line' id='line_1_27' title="bbox 90 1725 1167 1785; baseline -0.002 -19"><span class='ocrx_word' id='word_1_167' title='bbox 90 1731 174 1785; x_wconf 84' lang='lat' dir='ltr'>Qi</span> <span class='ocrx_word' id='word_1_168' title='bbox 194 1730 287 1766; x_wconf 88' lang='lat' dir='ltr'>dicit</span> <span class='ocrx_word' id='word_1_169' title='bbox 304 1745 313 1774; x_wconf 86' lang='lat'>3</span> <span class='ocrx_word' id='word_1_170' title='bbox 344 1729 502 1773; x_wconf 78' lang='lat' dir='ltr'>clamat,</span> <span class='ocrx_word' id='word_1_171' title='bbox 522 1729 678 1766; x_wconf 64' lang='lat' dir='ltr'>Vinum</span> <span class='ocrx_word' id='word_1_172' title='bbox 699 1729 802 1765; x_wconf 82' lang='lat' dir='ltr'>date.</span> <span class='ocrx_word' id='word_1_173' title='bbox 861 1728 1034 1766; x_wconf 83' lang='lat' dir='ltr'>Succinit</span> <span class='ocrx_word' id='word_1_174' title='bbox 1054 1725 1167 1774; x_wconf 83' lang='lat' dir='ltr'>alter,</span> 
     </span>
     <span class='ocr_line' id='line_1_28' title="bbox 93 1792 1000 1841; baseline -0.006 -8"><span class='ocrx_word' id='word_1_175' title='bbox 93 1796 147 1833; x_wconf 74' lang='lat' dir='ltr'>Et</span> <span class='ocrx_word' id='word_1_176' title='bbox 166 1794 261 1833; x_wconf 83' lang='lat' dir='ltr'>mihi</span> <span class='ocrx_word' id='word_1_177' title='bbox 282 1794 442 1831; x_wconf 83' lang='lat' dir='ltr'>dividuo</span> <span class='ocrx_word' id='word_1_178' title='bbox 463 1794 632 1831; x_wconf 87' lang='lat' dir='ltr'>findetur</span> <span class='ocrx_word' id='word_1_179' title='bbox 653 1806 814 1830; x_wconf 87' lang='lat' dir='ltr'>munere</span> <span class='ocrx_word' id='word_1_180' title='bbox 834 1792 1000 1841; x_wconf 81' lang='lat' dir='ltr'>quadra.</span> 
     </span>
    </p>

    <p class='ocr_par' dir='ltr' id='par_1_10' title="bbox 95 1855 1169 2032">
     <span class='ocr_line' id='line_1_29' title="bbox 95 1855 1169 1907; baseline -0.004 -12"><span class='ocrx_word' id='word_1_181' title='bbox 95 1859 171 1896; x_wconf 76' lang='lat' dir='ltr'>Sed</span> <span class='ocrx_word' id='word_1_182' title='bbox 192 1858 332 1895; x_wconf 77' lang='lat' dir='ltr'>tacitus</span> <span class='ocrx_word' id='word_1_183' title='bbox 352 1858 452 1907; x_wconf 87' lang='lat' dir='ltr'>pasci</span> <span class='ocrx_word' id='word_1_184' title='bbox 468 1856 493 1894; x_wconf 85' lang='lat' dir='ltr'>fi</span> <span class='ocrx_word' id='word_1_185' title='bbox 514 1855 632 1907; x_wconf 72' lang='lat' dir='ltr'>posset</span> <span class='ocrx_word' id='word_1_186' title='bbox 652 1868 805 1900; x_wconf 83' lang='lat' dir='ltr'>corvus,</span> <span class='ocrx_word' id='word_1_187' title='bbox 834 1855 994 1892; x_wconf 81' lang='lat' dir='ltr'>haberet</span> <span class='ocrx_word' id='word_1_188' title='bbox 1118 1864 1169 1905; x_wconf 78' lang='lat'>50</span> 
     </span>
     <span class='ocr_line' id='line_1_30' title="bbox 96 1918 1103 1970; baseline -0.004 -11"><span class='ocrx_word' id='word_1_189' title='bbox 96 1921 189 1959; x_wconf 69' lang='lat' dir='ltr'>Pius</span> <span class='ocrx_word' id='word_1_190' title='bbox 211 1921 334 1970; x_wconf 73' lang='lat' dir='ltr'>dapiS,</span> <span class='ocrx_word' id='word_1_191' title='bbox 365 1931 402 1958; x_wconf 87' lang='lat' dir='ltr'>et</span> <span class='ocrx_word' id='word_1_192' title='bbox 424 1922 515 1960; x_wconf 79' lang='lat' dir='ltr'>rixae</span> <span class='ocrx_word' id='word_1_193' title='bbox 534 1919 662 1957; x_wconf 87' lang='lat' dir='ltr'>multo</span> <span class='ocrx_word' id='word_1_194' title='bbox 682 1919 825 1963; x_wconf 84' lang='lat' dir='ltr'>minus,</span> <span class='ocrx_word' id='word_1_195' title='bbox 854 1918 1103 1968; x_wconf 82' lang='lat' dir='ltr'>invidiaeque.</span> 
     </span>
     <span class='ocr_line' id='line_1_31' title="bbox 100 1982 1168 2032; baseline -0.005 -8"><span class='ocrx_word' id='word_1_196' title='bbox 100 1985 351 2030; x_wconf 67' lang='lat' dir='ltr'>Brundisium</span> <span class='ocrx_word' id='word_1_197' title='bbox 372 1998 516 2032; x_wconf 47' lang='lat' dir='ltr'>cornea</span> <span class='ocrx_word' id='word_1_198' title='bbox 550 1994 616 2023; x_wconf 82' lang='lat' dir='ltr'>aut</span> <span class='ocrx_word' id='word_1_199' title='bbox 640 1985 871 2022; x_wconf 85' lang='lat' dir='ltr'>Surrentum</span> <span class='ocrx_word' id='word_1_200' title='bbox 891 1982 1027 2023; x_wconf 67' lang='lat' dir='ltr'>duetus</span> <span class='ocrx_word' id='word_1_201' title='bbox 1048 1993 1168 2021; x_wconf 81' lang='lat' dir='ltr'>amoe-</span> 
     </span>
    </p>
   </div>
   <div class='ocr_carea' id='block_1_8' title="bbox 256 2062 1170 2163">
    <p class='ocr_par' dir='ltr' id='par_1_11' title="bbox 256 2062 1170 2163">
     <span class='ocr_line' id='line_1_32' title="bbox 256 2062 366 2094; baseline -0.018 -6"><span class='ocrx_word' id='word_1_202' title='bbox 256 2062 349 2088; x_wconf 75' lang='lat' dir='ltr'>num</span> <span class='ocrx_word' id='word_1_203' title='bbox 356 2075 366 2094; x_wconf 87' lang='lat'>‚</span> 
     </span>
     <span class='ocr_line' id='line_1_33' title="bbox 1082 2106 1170 2163; baseline 0 -19"><span class='ocrx_word' id='word_1_204' title='bbox 1082 2106 1170 2163; x_wconf 81' lang='lat' dir='ltr'>Qi</span> 
     </span>
    </p>
   </div>
  </div>
 </body>
</html>
