1235 2365
92 133 169 171 252
241 137 244 139 >
395 117 853 174 QHORATM

86 216 328 261 Praeconem,
357 218 464 254 tenui
481 217 609 262 censu,
638 217 714 255 fine
734 216 894 255 crimine
912 225 1068 262 notum,

89 283 143 320 Et
162 295 365 333 properare
383 281 484 326 Loc'o,
515 291 553 319 et
571 281 723 326 cessare,
751 290 790 318 et
809 292 996 330 quaerere,
1024 289 1063 318 et
1082 280 1154 326 uti,

89 346 340 385 Gaudentem
359 345 562 395 parvisque
580 344 788 389 sodalibus,
819 354 856 382 et
874 342 954 381 lare
971 351 1090 388 cert0,
1209 335 1211 338 ¹

88 411 142 448 Et
160 410 276 455 ludis,
307 419 358 455 et,
387 409 469 459 post
489 409 614 447 decisa
631 409 802 461 negotia,
832 407 998 456 Campo.

90 474 227 512 Scitari
245 473 339 511 libet
359 487 404 511 ex
427 473 505 522 ipso
525 472 789 521 quodcunque
808 471 940 510 refers.
997 471 1074 510 Dic
1105 471 1156 510 60
1209 465 1211 513 ]

86 538 159 576 Ad
178 550 328 575 coenam
347 537 489 575 veniat.
547 536 637 573 Non
656 536 742 573 sane
763 536 918 573 credere
938 533 1090 572 Maena:
1124 545 1130 551 ·

87 603 223 641 Mirari
244 602 372 640 secum
392 602 545 638 tacitus.
603 599 714 652 Qid
733 598 860 637 multa
879 599 891 636 ?
919 598 1111 650 Benigne,

91 665 325 717 Respqndet.
346 665 477 715 Negat
490 662 552 700 ille
565 663 683 700 mihi?
697 663 827 714 Negat
840 662 1055 710 improbUS‚
1068 671 1106 699 et
1118 671 1156 700 te

88 729 279 780 Negligit‚
308 737 376 764 aut
394 728 539 764 horret.
597 726 800 764 Vulteium
820 738 935 762 mane
955 724 1156 774 Philippus

87 793 192 830 Vilia
210 792 443 830 vendentem
462 792 639 828 tunicato
657 791 786 829 scruta
804 788 960 840 popello
1104 790 1153 840 65
1202 829 1206 832 ,

91 857 285 905 Occupat,
314 866 351 893 et
370 855 512 893 salvere
527 857 639 905 jubet
658 855 777 904 prior.
835 852 907 890 Ille
927 851 1106 902 Philippo

91 920 283 957 Excusare
302 918 483 964 laborem
498 927 535 955 et
554 918 794 955 mercenaria
811 916 955 962 vincla,

90 985 213 1038 Qod
235 996 313 1020 non
338 995 452 1020 mane
473 982 638 1019 domum
658 980 829 1026 ven-iffet3
857 981 1023 1030 denique
1048 980 1156 1030 quod

243 1060 329 1099 pon

88 1110 314 1149 Providiffet
333 1123 436 1148 eum.
496 1110 555 1147 Sic
578 1107 758 1161 ignoviffe
777 1117 914 1158 putato
983 1157 986 1160 ἢ
1104 1108 1155 1157 69
1203 1129 1210 1132 -

88 1175 154 1213 Me
174 1176 256 1219 tibi,
287 1174 311 1211 sl
333 1188 459 1212 coenas
478 1174 592 1211 hodie
613 1187 782 1211 mecum.
824 1174 882 1211 Ut
899 1173 1004 1210 libet.
1044 1172 1155 1224 Ergo

88 1239 175 1276 Post
194 1251 338 1275 nonam
359 1238 486 1275 venies
505 1252 514 1273 ε
545 1250 647 1273 nunc
669 1238 694 1280 i,
724 1249 807 1274 rem
828 1236 1001 1273 strenuus
1022 1224 1135 1287 auge.

87 1301 144 1338 Ut
159 1310 321 1338 ventum
337 1300 387 1337 ad
404 1312 554 1337 coenam
570 1299 620 1336 est
635 1314 645 1344 3
667 1299 844 1343 dicenda,
865 1298 1030 1336 tacenda
1049 1296 1155 1335 locu·
1211 1319 1213 1344 2

240 1372 320 1408 tus,

87 1425 269 1463 Tandem
290 1427 505 1463 dormitum
526 1425 748 1463 dimittitur.
806 1424 886 1462 Hic
906 1424 972 1463 ubi
990 1424 1086 1474 saepe

87 1489 300 1527 Occultum
320 1489 420 1526 visus
442 1489 645 1525 decurrere
664 1487 773 1537 piscis
793 1488 844 1525 ad
862 1488 1041 1526 hamum.

86 1552 205 1589 Mane
226 1552 358 1596 cliens,
388 1554 523 1603 etjam
545 1561 671 1589 certus
692 1551 884 1595 conviva3
908 1552 1063 1602 jubetux
1103 1561 1150 1600 75·

89 1615 198 1652 Rura
216 1615 436 1653 suburbana
455 1615 603 1652 indictis
624 1627 754 1652 comes
775 1615 828 1650 ire
849 1613 1015 1650 Latinis.

85 1678 293 1727 Impofitus
314 1678 480 1721 mannis,
510 1690 649 1714 arvum
669 1675 887 1724 coelumque
908 1675 1097 1715 Sabinum

84 1741 174 1778 Non
194 1740 305 1778 ceffat
323 1740 499 1778 laudare.
557 1740 688 1783 Videt,
717 1739 894 1787 ridetque
916 1738 1148 1787 Philippus,:

84 1802 137 1839 Et
157 1802 222 1839 fibi
243 1804 338 1840 dum
358 1804 546 1851 requiem,
576 1803 672 1839 dum
691 1802 784 1838 risus
804 1802 976 1850 undique
996 1802 1153 1850 quaerit,

82 1865 195 1901 Dum
214 1865 358 1913 septem
380 1865 499 1901 donat
519 1864 696 1908 sestertia,
726 1873 865 1902 mutua
883 1864 1028 1912 septem
1099 1864 1150 1902 80

83 1928 281 1965 Promittit
300 1944 309 1973 ;
340 1927 542 1977 persuadet
561 1927 617 1964 uti
636 1936 831 1964 mercetur
852 1926 1039 1978 agellum.

80 1991 294 2029 Mereatur.
352 1992 409 2029 Ne
430 2000 466 2028 te
486 1990 613 2041 longis
635 1990 867 2041 ambagibus
887 1989 992 2027 ultra

79 2056 215 2109 Qam
230 2055 317 2094 satis
334 2054 383 2093 est
400 2067 529 2092 morer
545 2068 555 2098 ;
576 2066 619 2090 ex
635 2052 758 2090 nitido
774 2052 816 2090 fit
832 2052 1007 2107 rusticUS‚
1028 2061 1147 2100 atque

1014 2114 1147 2154 Sulcos
