1235 2365
109 132 190 180 146
409 129 837 184 QHORATH

112 229 230 266 Unde
249 229 426 277 expedire
446 241 523 265 uon
543 228 761 266 amicorum
781 237 925 277 queant
1108 243 1130 269 2
1134 244 1158 282 3

166 291 311 328 Libera
331 291 498 335 consilia,
526 305 596 328 nec
618 290 859 329 contu'meliae
879 304 1044 344 graves3

115 355 190 392 Sed
210 354 307 392 alius
320 355 450 399 ardor,
480 365 547 392 aut
567 355 701 404 puellae
721 356 908 401 candidae,

164 418 253 456 Aut
274 419 402 457 teretis
418 418 527 467 pueri
555 417 716 471 longam
736 419 959 457 renodantis
979 431 1147 458 comam.
1202 442 1207 447 ·

393 600 739 642 CARMEN
797 601 892 644 XII.

234 713 340 752 UID
356 713 425 751 tibi
441 714 509 758 vis,
524 711 665 751 mulier
677 712 796 765 nigris
804 712 1022 764 dignissima
1034 715 1178 753 barris?

116 723 221 829 Q
287 776 454 814 Munera
469 790 537 814 cur
550 776 658 820 mihi,
687 777 830 824 quidve
846 776 1006 814 tabellas

114 837 255 883 Mittis,
283 853 351 877 nec
373 839 486 877 firmo
501 839 648 890 juveni,
676 852 801 887 neque
829 840 932 877 naris
951 839 1098 878 obesae?

168 902 350 951 Namque
370 903 543 955 sagacius
565 917 662 940 unus
682 903 839 948 odoror,

115 965 300 1015 Polypus,
321 979 370 1003 an
386 967 515 1017 gravis
534 966 686 1003 hirsutis
708 967 822 1004 cubet
841 966 971 1004 hircus
987 967 1025 1004 in
1040 966 1123 1013 alis,
1151 979 1175 1018 5

169 1031 304 1083 Qam
325 1029 428 1066 canis
443 1042 544 1073 acer,
573 1030 639 1066 ubi
658 1028 780 1068 lateat
797 1030 871 1068 sus.
1207 1024 1210 1025 ⁷

116 1094 469 1148 Qissudorvietis‚
485 1102 522 1131 et
538 1105 657 1141 quam
673 1092 799 1131 malus
807 1095 978 1143 undique
993 1095 1176 1133 membris

170 1158 314 1196 Crescit
333 1158 431 1194 odor
448 1159 456 1194 !
489 1171 580 1195 cum
600 1170 695 1206 pene
714 1156 840 1195 soluto

117 1222 359 1260 Indomitam
380 1229 561 1269 properat
581 1219 726 1257 rabiem
746 1220 876 1258 sedare
893 1236 903 1266 ;
932 1234 1002 1259 nec
1030 1220 1084 1259 illi

169 1286 258 1333 Jam
275 1293 406 1320 manet
420 1282 584 1319 humida
605 1291 724 1326 creta,
754 1283 941 1332 colorque
1131 1297 1176 1322 10

119 1349 294 1385 Stercore
310 1345 464 1383 fucatus
486 1343 671 1381 crocodili
687 1359 697 1389 3
721 1345 884 1394 jamque
903 1347 1079 1384 subando

170 1410 300 1447 Tenta
319 1408 473 1452 cubilia,
501 1409 676 1454 tectaque
696 1409 856 1456 rumpit.
1231 1428 1233 1448 4

116 1474 190 1512 Vel
211 1487 299 1510 meu
318 1485 408 1509 cum
427 1471 530 1507 saevis
545 1471 669 1521 agitat
687 1469 838 1508 fastidia
857 1472 1006 1510 verbis:

173 1536 334 1574 Inachia
352 1535 514 1585 langues
533 1534 661 1570 minus
678 1546 721 1570 ac
742 1547 804 1571 me
821 1549 829 1572 :
1232 1488 1235 1578 i

118 1601 321 1638 Inachiam
331 1609 390 1635 ter
402 1600 509 1634 nocte
521 1606 646 1645 potes;
663 1597 758 1634 mihi
769 1597 918 1648 semper
932 1600 982 1637 ad
993 1612 1116 1638 unum
1134 1610 1177 1649 15·
1211 1581 1235 1658 Ξ]

173 1664 305 1702 Mollis
326 1674 435 1711 opuS.
494 1660 630 1697 Pereat
651 1660 766 1706 male,
796 1675 880 1710 quae
900 1672 937 1700 te
1220 1655 1235 1663 ἢ

119 1728 257 1767 Lesbia
285 1724 471 1775 quaerenti
493 1733 652 1761 taurum
672 1723 900 1763 monstravit
918 1726 1105 1764 inertem!

172 1792 276 1829 Cum
297 1789 391 1826 mihi
411 1787 515 1824 Cous
536 1784 675 1823 adeffet
695 1786 893 1836 Amyntas
912 1805 922 1834 ;

120 1857 242 1906 Cujus
263 1854 301 1890 in
321 1851 510 1889 indomito
531 1847 763 1886 constantior
782 1851 939 1903 inguine
960 1866 1114 1900 nervuS,
1216 1894 1228 1905 -.

174 1920 310 1971 Qum
329 1927 431 1952 nova
451 1911 611 1950 collibus
632 1913 746 1949 arbor
766 1913 938 1953 inhaeret.
1130 1929 1180 1956 20
1226 1931 1234 1967 χ

121 1981 336 2021 Muricibus
357 1976 487 2026 Tyriis
508 1975 654 2011 iteratae
674 1974 818 2014 vellera
845 1977 940 2016 lanae

178 2049 251 2088 Cui
271 2045 579 2099 properabantur
598 2037 609 2075 ?
637 2036 706 2075 tibi
730 2053 892 2091 nempe:

1123 2093 1183 2133 Ne
1220 2075 1235 2132 1
