1235 2365
99 131 175 180 256
392 127 461 182 Q
494 124 817 164 HORATII

97 226 152 263 Et
169 223 274 263 mala
293 232 520 274 perrumpet
537 221 676 261 furtim
695 222 847 261 fastidia
865 221 1011 261 victrix.
1113 233 1134 261 2
1141 234 1164 274 5

95 289 186 327 Non
207 289 273 337 qui
296 287 454 325 Sidonio
475 287 709 325 contendere
729 285 892 324 callidus
913 284 1014 323 ostro

96 352 226 391 Nescit
244 352 492 401 Aquinatem
511 351 688 401 potantia
707 349 850 389 vellera
868 348 1022 394 fucum,

98 416 251 454 Certius
271 416 434 465 accipiet
453 417 658 460 damnum,
686 414 891 464 propiusve
905 413 1103 460 medullis,

98 480 235 531 Qam
254 480 320 527 qui
338 493 418 517 non
436 477 584 529 poterit
597 492 689 516 vero
711 478 942 529 distinguere
961 475 1116 514 falsum.

98 543 232 596 Qem
251 556 311 580 res
332 542 417 592 plus
437 543 558 581 nimio
579 542 813 580 delectavere
832 541 1024 585 secundae,
1115 551 1168 590 30

100 605 267 644 Mutatae
287 606 477 653 quatient.
536 606 574 642 Si
593 605 689 653 quid
708 605 913 650 mirabere,
941 617 1062 653 pones

102 667 267 705 Invitus.
326 667 435 718 Fuge
454 680 601 718 magna
617 681 626 703 :
656 666 748 704 licet
766 668 834 705 sub
853 679 1023 716 paupere
1041 667 1143 703 teflo

105 731 232 782 Reges
249 739 286 768 et
305 743 445 781 regum
465 731 800 779 vitarpraecurrere
820 730 980 768 amicos.

103 794 252 831 Cervus
272 806 417 842 equum
437 806 571 844 pugna
590 793 728 831 melior
748 793 1023 831 communibus
1042 791 1171 830 herbis

104 857 302 895 Pellebat:
334 857 455 893 donec
477 857 603 893 minor
623 857 662 893 in
683 856 893 893 certamine
911 854 1033 907 longo
1121 865 1169 905 35

105 921 339 970 Imploravit
359 933 449 968 opes
467 920 651 962 hominis,
680 918 913 966 frenumque
932 918 1104 966 recepit:
1131 953 1133 955 .

105 986 183 1022 Sed
202 984 406 1034 postquam
428 983 546 1019 vietor
565 981 711 1019 violens
732 980 889 1018 disceffit
914 982 963 1018 ab
982 980 1102 1027 hoste,

106 1048 196 1085 Non
216 1049 387 1095 equitem
408 1046 534 1089 dorso,
563 1058 642 1082 non
660 1044 816 1081 frenum
836 1043 986 1092 depulit
1005 1056 1086 1081 ore.

109 1112 168 1149 Sic
191 1111 256 1159 qui
276 1109 501 1159 pauperiem
520 1108 680 1152 veritus,
709 1107 859 1157 potiore
880 1105 1050 1143 metallis

108 1176 309 1212 Libertate
330 1183 449 1217 caret,
470 1171 675 1208 dominum
695 1170 800 1207 vehit
821 1169 1036 1218 improbus,
1057 1177 1177 1217 atque

111 1239 258 1275 Serviet
279 1248 482 1280 arternum,
512 1236 603 1285 quia
623 1248 745 1283 parvo
765 1233 903 1271 nesciet
923 1234 994 1271 uti.
1124 1245 1171 1282 41

111 1303 185 1340 Cui
206 1314 282 1338 non
303 1301 502 1337 conveniet
523 1301 588 1337 sua
607 1312 665 1335 res
684 1312 693 1341 ς
724 1307 767 1334 ut
789 1297 939 1335 calceus
959 1297 1070 1342 olim,

114 1367 150 1405 Si
171 1365 267 1415 pede
287 1366 412 1415 major
432 1364 516 1408 erit,
544 1364 763 1407 subvertet3
793 1361 819 1399 si
840 1362 981 1406 minor,
1008 1370 1109 1400 uret.

110 1430 246 1467 Laetus
265 1428 364 1465 sorte
384 1437 451 1464 tua
473 1428 576 1464 vives
596 1427 799 1475 sapienter,
827 1426 971 1464 Aristit
1203 1462 1207 1472 Δ

111 1494 193 1533 Nec
208 1505 271 1531 me
290 1491 462 1538 dimittes
484 1491 768 1542 incastigatum‚
797 1489 861 1527 ubi
881 1489 1008 1538 plura,
1129 1501 1181 1540 45
1205 1497 1207 1500 ’

112 1558 266 1609 Cogere
295 1568 414 1604 quam
434 1555 522 1591 satis
543 1553 606 1599 est,
637 1567 679 1591 ac
700 1566 778 1590 non
798 1552 934 1590 cessare
954 1553 1130 1591 videbor.

115 1623 290 1669 Imperat
311 1628 377 1656 aut
397 1619 511 1656 servit
531 1617 689 1655 collecta
708 1617 872 1666 pecunia
891 1617 1046 1665 cuique,

114 1683 286 1721 Tortum
307 1683 426 1733 digna
445 1682 548 1729 sequi
569 1682 697 1730 potius
718 1693 837 1728 quam
857 1680 998 1718 ducere
1016 1678 1168 1717 funem.
1220 1723 1222 1725 ,

116 1747 213 1785 Haec
234 1747 303 1784 tibi
323 1747 514 1783 difiabam
535 1745 615 1794 post
635 1743 771 1781 fanum
791 1752 903 1792 putre
924 1743 1123 1787 Vacunae3

118 1812 307 1861 Excepto,
336 1809 443 1859 quod
462 1821 540 1848 non
558 1806 672 1846 fimul
691 1805 793 1852 ess'eS,
822 1815 963 1844 caetera
979 1804 1107 1846 laetus.
1131 1815 1186 1856 50

1020 2100 1206 2170 EPISJ
