1235 2365
257 127 667 169 CARMINUM
721 127 816 168 Lm.
848 129 906 169 ΙΙ.

49 220 188 267 Adde,
216 223 323 271 quod
343 223 463 271 pubes
481 222 553 261 tibi
571 221 705 261 crescit
724 221 851 261 omnis
868 237 880 269 ς

51 284 226 324 Servitus
246 285 380 323 crescit
400 299 529 324 nova:
559 296 629 324 nec
649 286 798 335 priores

48 347 186 398 Impiae
204 351 348 386 tedium
367 348 537 394 dominae
555 347 799 397 relinquunt,

214 412 320 460 Saepe
339 411 490 449 minati.

47 474 109 513 Te
126 475 201 513 suis
220 484 365 513 matres
384 483 567 513 metuunt
580 474 758 525 juvencis
776 489 787 519 ς

0 554 12 594 5
46 537 108 576 Te
127 539 229 577 senes
249 540 356 589 parci
374 554 384 583 ;
414 539 638 587 miseraeque
657 551 782 587 nuper

10 630 11 633 =
45 601 228 657 Virgines
247 612 392 652 nuptae,
421 612 491 640 tua
507 615 556 641 ne
575 603 751 641 retardet

206 666 324 705 Aura
342 663 517 705 maritOS.

339 864 690 908 CARMEN
749 865 827 907 IX.

179 1002 250 1042 An
306 1002 552 1041 TITUM
608 1000 972 1042 VALGIUM‚

167 1095 246 1134 ΟΝ
262 1095 412 1145 semper
432 1096 574 1133 imbres
593 1096 760 1134 nubibus
780 1096 949 1145 hispidos

193 1159 359 1198 Manant
378 1161 417 1198 in
436 1173 552 1212 agros
571 1188 581 1205 ‚
611 1169 679 1198 aut
699 1174 807 1199 mare
827 1159 1014 1209 Caspium

95 1225 250 1262 Vexant
269 1223 478 1273 inaequales
498 1224 679 1274 procellae

150 1290 282 1338 Usque
298 1305 309 1335 ;
338 1302 407 1326 nec
427 1288 629 1326 Armeniis
649 1289 688 1326 in
707 1289 795 1327 oris,

41 1353 187 1391 Amice
203 1353 336 1404 Valgi,
367 1352 438 1390 stat
456 1352 601 1404 glacies
621 1353 721 1390 iners

42 1416 192 1454 Menses
211 1430 280 1466 per
299 1429 433 1454 omnes
450 1432 460 1462 ;
490 1426 560 1454 aut
577 1416 846 1465 Aquilonibus

94 1481 295 1535 Qerceta
314 1480 493 1531 Gargani
512 1479 707 1525 laborant,

149 1544 203 1582 Et
221 1543 323 1581 foliis
343 1544 558 1581 viduantur
576 1545 676 1581 orni.

39 1607 107 1646 Tu
125 1607 273 1656 semper
292 1621 407 1658 urges
428 1606 619 1645 flebilibus
640 1608 767 1646 modis

40 1670 195 1721 Mysten
215 1671 445 1715 ademtum3
474 1684 543 1708 nec
565 1671 634 1708 tibi
652 1671 824 1721 Vespero

95 1734 288 1786 Surgente
309 1734 503 1771 decedunt
522 1747 690 1779 amoreS,

94 1797 176 1835 Nec
197 1797 380 1847 rapidum
400 1795 574 1849 fugiente
594 1797 728 1836 solem.

39 1860 103 1898 At
121 1874 199 1898 non
218 1870 277 1898 ter
297 1874 379 1898 aevo
399 1859 552 1899 funerus
573 1861 784 1901 amabilem

42 1925 216 1964 Ploravit
234 1939 368 1963 omnes
388 1916 651 1965 Antilochum
671 1928 782 1966 senex

92 1991 234 2028 Annos
251 2005 261 2035 ;
288 2003 359 2028 nec
380 1990 581 2039 impubem
601 2001 780 2040 parentes

146 2052 329 2101 Troilon,
358 2064 427 2094 aut
446 2055 628 2108 Phrygiae
646 2056 793 2095 sorores

1070 141 1122 182 49

1070 420 1122 448 262

1063 1681 1110 1708 10

1063 2002 1107 2040 15

512 2119 546 2157 E
949 2117 1109 2158 Flevere
