1235 2365
193 144 599 187 CARMINUM
652 144 749 186 Lm.
778 144 852 186 IV.

17 246 170 300 Fruges
191 255 229 284 et
249 247 354 299 agris
374 245 525 284 rettulit
545 247 700 294 uberes,

20 310 75 350 Et
96 310 204 363 signa
224 309 353 347 nostro
372 309 536 347 restituit
554 310 658 358 Jovi,

73 374 257 423 Derepta
277 372 515 410 Parthorum
534 372 705 421 superbis

127 436 316 480 Postibus,
349 443 388 472 et
408 448 578 473 vacuum
599 434 740 473 duellis

19 500 166 550 Janum
186 497 344 553 Qirini
364 496 499 535 claufit
514 513 524 542 ;
555 507 592 536 et
610 497 791 535 ordinem

23 562 188 602 Reetum
208 572 247 600 et
266 556 427 613 ‘vaganti
444 559 557 599 frena
574 561 740 600 licentiae

77 625 230 676 Injecit,
264 625 489 673 emovitque
509 623 660 674 culpas,

131 689 186 728 Et
205 697 355 727 veteres
374 689 574 727 revocavit
593 698 694 726 artes
713 703 724 735 ς

22 755 97 794 Per
109 767 206 803 quas
230 753 583 792 Latinum‘nomen
603 762 642 790 et
662 750 776 790 Italae

0 853 1 856 ,
23 819 190 858 Crevere
212 817 327 862 vires,
355 815 556 865 famaque,
590 824 628 853 et
648 815 787 864 imperi

80 882 261 920 Porrecta
281 881 458 932 majestas
479 881 530 918 ad
550 889 685 918 ortum

136 945 232 983 Solis
249 948 297 983 ab
319 944 508 994 Hesperio
531 943 661 982 cubili.

26 1008 196 1047 Custode
216 1022 350 1046 rerum
370 1008 533 1053 Caesare,
561 1019 641 1045 non
660 1005 772 1044 furor

27 1072 178 1117 Civilis,
210 1082 279 1110 aut
298 1072 355 1109 vis
375 1072 503 1123 exiget
524 1071 650 1108 otium
668 1086 679 1115 3

83 1136 175 1174 Non
191 1136 262 1180 ira,
292 1148 379 1183 quae
399 1133 582 1184 procudit
601 1133 721 1179 enses,

143 1199 198 1236 Et
216 1198 372 1236 miseras
393 1197 569 1234 inimicat
589 1196 717 1234 urbes.

29 1263 121 1303 Non
136 1264 203 1312 qui
223 1261 467 1312 profundum
491 1261 726 1299 Danubium
739 1258 893 1305 bibunt,

32 1327 173 1366 Edicta
191 1329 376 1375 rumpent
396 1325 500 1374 Julia
517 1340 527 1370 3
555 1337 636 1362 non
656 1323 782 1369 Getae,

86 1389 179 1428 Non
205 1392 326 1434 Seres,
356 1388 514 1426 infidive
535 1387 668 1433 Persae‚

142 1454 233 1492 Non
251 1453 423 1492 Tanaim
443 1466 564 1502 prope
583 1451 731 1489 flumen
750 1451 839 1489 orti.

34 1516 207 1566 Nosque,
238 1526 276 1556 et
295 1516 470 1567 profestis
488 1516 642 1554 lucibus
662 1523 700 1553 et
717 1513 846 1559 sacris,

39 1581 151 1620 Inter
164 1580 286 1632 jocosl
306 1593 471 1618 munera
490 1579 639 1624 Liberi,

87 1647 193 1685 Cum
213 1645 322 1695 prole
342 1643 606 1692 matronisque
625 1640 778 1687 nostris,

148 1711 238 1749 Rite
257 1711 366 1749 Deos
387 1710 494 1760 prius
509 1708 724 1758 apprecati,

36 1775 194 1815 Virtute
213 1773 379 1818 fundos,
409 1787 518 1811 more
539 1782 713 1822 patrum,
743 1771 876 1816 duces,

40 1840 167 1890 Lydis
184 1837 338 1876 remisto
355 1837 526 1875 carmine
547 1836 664 1881 tibiis,

96 1903 356 1954 Trojamque,
385 1910 423 1939 et
442 1900 655 1944 Anchisen,
684 1907 722 1936 et
741 1897 856 1936 almae

153 1969 388 2024 Progeniem
407 1966 568 2008 Veneris
589 1977 788 2005 canemus,

1021 155 1097 197 1²9

1049 572 1098 600 10

1054 887 1101 929 15

1059 1203 1110 1233 20

1062 1521 1110 1561 25

1065 1839 1118 1880 30

892 2078 948 2135 q.
978 2072 1119 2121 Hou-
