1235 2365
215 156 623 198 CARMINUM
664 157 768 198 ιη.
799 159 880 199 111.
1019 163 1070 215 μ’
1129 136 1135 142 ’

19 254 88 296 {on
107 269 170 294 me
191 256 380 306 Philippis
401 257 509 295 versa
529 257 629 295 acies
649 267 770 304 retro,

49 320 211 358 Devota
228 333 307 357 non
323 321 483 358 extinxit
502 322 633 367 arbor,

105 385 187 425 Nec
209 385 340 423 Sicula
362 385 568 423 Palinurus
588 386 708 424 unda.

16 450 208 498 Jtcunque
228 460 385 487 mecum
405 462 475 486 vos
495 449 614 493 eritis,
644 449 769 488 libens

18 512 271 558 nsanientem‚
298 511 446 557 navita,
477 512 701 561 Bosporum
1019 521 1074 565 30

48 575 244 620 Tentabo,
273 584 312 613 et
330 584 485 613 urentes
504 588 644 613 arenas

109 637 262 676 Litoris
281 635 427 687 Assyrii
457 638 598 676 viator.

12 702 31 740 7
34 701 127 741 isam
150 703 359 740 Britannos
375 702 588 752 hospitibus
608 700 729 749 feros,

0 757 50 805 *it
67 765 201 805 laetum
221 767 363 816 equino
382 766 572 818 sanguine
595 767 856 805 Concanum:

47 829 180 869 Visam
200 830 446 880 pharetratos
470 829 662 875 Gelonos,
1020 837 1072 881 35

102 895 157 932 Et
178 894 420 944 Scythicum,
449 893 675 939 inviolatus,
705 905 878 933 amnem·

9 956 76 996 Jos
96 957 286 996 Caesarem
306 956 448 1002 altum,
477 957 618 996 militia
632 957 748 997 fimul

8 1019 119 1059 ?effas
139 1020 318 1059 cohortes
338 1021 491 1059 abdidit
510 1022 683 1071 oppidis,

48 1084 177 1122 Finire
198 1093 440 1133 quaerentem
460 1084 629 1131 labores,

0 1192 1 1196 Ἰ
103 1147 228 1186 Pierio
247 1148 429 1186 recreatis
450 1158 578 1186 antro.
1019 1158 1074 1197 ιμ’)

6 1211 74 1250 Vos
93 1210 179 1249 lene
198 1210 401 1249 confilium
422 1221 460 1249 et
480 1212 596 1258 datis,
626 1221 664 1251 et
685 1212 780 1252 dato

5 1273 189 1314 *audetis
208 1275 335 1314 almae.
398 1275 550 1313 Scimus
570 1285 615 1314 ut
635 1276 777 1326 impios

48 1339 227 1384 Titanas,
256 1340 550 1388 immanemque
572 1348 748 1378 turmam

102 1403 283 1442 Fulmine
301 1403 494 1441 sustulerit
513 1404 683 1449 caduco,

3 1468 79 1522 Qi
98 1478 172 1506 teri
181 1482 247 1507 am
268 1468 447 1513 inertem,
477 1468 544 1517 qui
565 1481 672 1506 mare
692 1475 889 1516 temperat
1021 1476 1075 1518 43

0 1527 225 1576 ventosum,
255 1540 293 1569 et
311 1532 441 1576 urbes,
471 1544 671 1583 regnaque
691 1530 825 1576 tristia,

49 1594 265 1643 Divosque,
295 1593 555 1642 mortalesque
574 1603 726 1632 turmas

107 1658 279 1708 Imperio
301 1658 402 1710 regit
422 1671 522 1696 unus
542 1671 667 1707 aequo.

0 1718 192 1774 Magnum
212 1720 280 1759 illa
300 1732 492 1761 terrorem
512 1721 698 1760 intulerat
718 1721 808 1771 Jovi

0 1783 140 1823 Fidens
155 1786 344 1836 juventus
365 1786 528 1825 horrida
545 1785 728 1832 brachiis,
1024 1792 1080 1835 30

51 1849 279 1900 Fratresque
298 1851 502 1889 tendentes
523 1860 648 1900 opaco

104 1913 237 1952 Pelion
256 1912 470 1964 imposuiffe
492 1913 682 1963 Olympo.

0 1978 72 2016 Sed
92 1977 188 2026 quid
207 1976 425 2027 Typhoeus,
453 1986 494 2015 et
511 1974 668 2015 validus
690 1974 853 2021 Mimas,

0 2041 87 2079 Aut
107 2041 202 2089 quid
222 2041 366 2079 minaci
387 2037 634 2092 Porphyrion
656 2040 769 2085 statu,

51 2104 163 2159 Qid
185 2105 365 2151 Rhoetus,
395 2101 607 2152 evulsu‘que
626 2102 772 2142 truncis
1023 2111 1047 2151 5
1052 2112 1074 2151 5

915 2163 1079 2205 Encela-
