1235 2365
1202 91 1212 115 v1

112 136 189 176 288
433 133 503 189 Q
544 131 588 172 H
602 133 637 172 O
657 131 693 172 R
707 131 749 171 A
762 132 800 171 T
817 131 836 171 1
854 131 875 171 Ι
1204 132 1205 140 ’

111 234 229 272 Forte
248 232 315 271 sub
333 231 407 271 hoc
427 241 596 282 tempus,
624 230 824 270 castellum
845 239 1016 269 evertere
1035 241 1180 282 praetor
1206 205 1235 278 *Q

108 297 246 336 Nescio
266 298 374 346 quod
394 297 567 346 cupienS,
595 295 744 334 hortari
764 295 879 344 coepit
898 295 1066 334 eundem
1128 308 1148 346 3
1154 309 1178 347 ς

108 361 263 407 Verbis,
278 374 361 411 quae
373 360 512 398 timido
520 372 677 409 quoque
684 357 829 409 poffent
836 358 980 396 addere
987 369 1179 398 mentem:
1220 331 1235 380 Q

110 424 130 461 1
150 425 264 468 bone,
293 436 372 472 quo
392 423 515 461 virtus
535 433 606 461 tua
623 431 661 461 te
680 430 796 460 vocat
813 435 823 459 :
853 421 865 459 i
884 422 982 471 pede
1000 420 1146 468 fausto,
1222 395 1235 435 P

110 487 292 526 Grandia
309 486 460 525 laturus
480 485 712 524 meritorum
731 483 918 534 praemia:
947 484 1060 537 Qid
1079 483 1151 523 stas
1163 485 1184 524 ἰ’
1223 458 1235 560 ξ

108 550 198 588 Post
217 549 299 588 haec
314 549 383 588 -ille
403 558 528 594 catuS‚
557 547 809 597 quantumvis
829 545 1016 585 rusticus:
1047 547 1142 594 Ibit,
1166 553 1170 555 ’
1202 561 1207 564 ·
1220 583 1235 622 <

109 612 188 651 Ibit
207 626 266 658 eo,
296 625 375 661 quo
394 613 466 656 vis,
495 612 563 660 qui
584 623 726 648 zonam
744 609 929 659 perdidit,
951 610 1098 659 inquit.
1126 622 1182 660 40

111 676 251 714 Romae
269 675 411 713 nutriri
431 674 526 712 mihi
546 673 726 725 contigit,
754 682 873 721 atque
893 672 1024 711 doceri
1224 646 1235 686 l

109 738 241 778 Iratus
262 737 392 777 Graiis
407 747 601 786 quantum
615 734 798 775 nocuisset
813 736 1003 775 Achilles.
1227 712 1235 750 ¹

114 803 311 855 Adjecere
329 804 442 841 bonae
461 801 579 852 paulo
599 801 686 851 plus
706 801 799 839 artis
819 800 987 839 Athenae
1005 816 1016 840 :
1227 776 1235 814 ]

116 866 268 905 Scilicet
287 876 332 905 ut
351 864 494 916 poffem
515 879 636 905 curvo
656 864 879 918 dignoscere
898 868 1061 913 reftum,
1229 842 1235 881 1

114 931 253 979 Atque
273 930 372 968 inter
391 929 502 967 silvas
524 929 720 968 Academi
741 942 909 978 quaerere
930 942 1079 969 verum.
1129 941 1180 981 45
1199 924 1214 980 ξ
1233 937 1235 943 “

114 994 230 1033 Dura
249 994 313 1033 sed
333 1007 511 1032 emovere
530 993 618 1031 loco
637 1007 700 1032 me
719 1003 898 1042 tempora
916 1002 1057 1045 grat03

113 1057 323 1107 civilisque
343 1058 483 1096 rudem
503 1057 593 1095 belli
612 1056 703 1094 tulit
721 1056 827 1096 aestus
848 1059 886 1097 in
905 1071 1030 1103 arma,

114 1121 274 1160 Caesaris
294 1121 467 1174 Augusti
487 1134 565 1159 non
584 1121 809 1170 responsura
827 1121 995 1161 lacertis.

113 1184 230 1223 Unde
251 1184 363 1222 simul
384 1184 556 1233 primum
577 1197 639 1222 me
660 1184 834 1222 dimisere
853 1184 1037 1234 Philippi,

111 1248 261 1287 Decifis
281 1247 470 1286 humilem
490 1248 639 1297 pennIS,
667 1247 901 1297 inopemque
920 1247 1071 1298 paterni
1129 1260 1183 1299 50

111 1311 167 1349 Et
185 1311 277 1350 laris
297 1321 334 1349 et
352 1310 479 1356 fundi,
506 1320 716 1361 paupertas
736 1311 893 1360 impulit
910 1312 1038 1349 audax

111 1375 171 1414 Ut
183 1375 311 1414 versus
323 1374 513 1416 facerem:
533 1375 611 1421 sed,
628 1376 735 1425 quod
747 1388 826 1414 non
839 1375 948 1422 defit,
959 1376 1184 1424 habentem,

111 1438 214 1493 Quae
234 1449 418 1489 poterunt
437 1452 614 1489 unquam
633 1439 722 1477 satis
743 1453 958 1493 expurgare
978 1439 1129 1485 cicutae,
1215 1437 1222 1481 f

108 1501 159 1539 Ni
181 1503 318 1540 melius
339 1503 510 1541 dormire
530 1512 681 1552 putem,
710 1515 832 1552 quam
851 1503 1013 1541 scribere
1029 1501 1184 1541 versus?
1207 1487 1221 1543 s‘]

111 1565 275 1618 Singula
295 1568 341 1605 de
361 1568 472 1605 nobis
493 1567 581 1605 anni
602 1566 828 1615 praedantur
847 1576 1008 1605 euntes·
1130 1577 1204 1618 55
1203 1580 1224 1611 ι

109 1629 299 1679 Eripuere
313 1634 438 1683 jocos,
466 1643 663 1676 venerem,
692 1630 885 1676 convivia,
913 1629 1079 1669 ludum:
1201 1615 1223 1673 'if

109 1692 299 1733 Tendunt
318 1707 546 1744 extorquere
566 1696 761 1744 po‘c'mata.
809 1695 920 1748 Qid
939 1693 1082 1732 faciam
1103 1694 1217 1734 vis?

108 1757 292 1807 Denique
311 1772 390 1797 non
410 1771 544 1797 omnes
565 1758 701 1796 eadem
721 1758 914 1796 mirantur
934 1767 1159 1807 amantque.
1206 1774 1218 1811 {⁴

109 1820 293 1859 Carmine
314 1832 356 1859 tu
376 1823 548 1875 gaudes:
579 1822 640 1859 hic
662 1820 874 1860 delee‘tatur
892 1822 1058 1860 iambis:
1202 1801 1225 1870 ἐξ

109 1884 183 1922 Ille
205 1885 358 1923 Bioneis
377 1885 630 1930 sermonibus,
659 1894 697 1923 et
715 1884 790 1923 sale
810 1885 937 1938 nigro.
1129 1885 1182 1925 60
1200 1891 1222 1938 ᾗ

109 1948 209 1987 Tres
230 1949 326 1987 mihi
346 1950 517 1987 convivae
538 1962 658 1998 prope
679 1947 868 1986 dissentire
889 1949 1083 1996 videntur,

111 2012 313 2053 Poscentcs
333 2013 441 2053 vario
460 2012 634 2054 multum
655 2012 803 2052 diversa
819 2012 964 2065 palat-o.

1202 1942 1224 1999 ζ.

1209 1991 1225 2026 Ξ

1067 2075 1179 2132 de
1196 2035 1221 2188 i
