1235 2365
276 133 416 173 ARs
473 131 818 172 PossricA.
1010 145 1088 185 299

18 230 179 269 Format
198 229 302 267 enim
321 238 464 268 natura
483 229 590 279 prius
611 221 680 267 nos
701 227 803 267 intus
823 228 873 267 ad
894 241 1054 270 omnem

48 302 281 331 ortunarum
292 292 490 331 habiturn:
506 293 635 343 juvat,
649 301 717 330 aut
731 292 897 342 Impellit
910 293 960 331 ad
973 293 1089 341 iram,

16 355 105 393 Aut
125 355 175 394 ad
195 355 363 394 humum
383 368 549 394 moerore
569 354 682 407 gravi
702 355 875 401 deducit,
895 366 933 395 et
952 357 1089 409 angit:

47 418 102 457 0st
122 417 234 457 effert
252 418 372 456 animi
392 428 522 456 motus
540 418 748 467 interprete
762 417 912 470 lingua.
1013 432 1031 459 1
1043 432 1056 457 1
1071 431 1085 457 ι

15 481 56 518 Si
76 481 238 519 dicentis
257 490 371 519 erunt
389 479 556 517 fortunis
577 481 720 518 absona
739 481 853 526 dieta,

17 543 188 582 Romani
205 543 351 596 tollent
365 544 513 592 equites
533 543 756 592 peditesque
777 543 1026 582 cachinnum.

17 607 201 645 intererit
221 606 409 651 multum,
439 606 625 644 Davusne
646 606 849 656 loquatur,
879 621 929 646 an
947 608 1091 654 heros,

16 669 246 708 Maturusne
265 671 388 715 senex,
418 683 469 707 an
488 670 616 707 adhuc
637 669 798 707 florente
812 671 978 721 juventa
1018 686 1032 710 1
1045 684 1091 722 15

19 733 234 779 Fervidus;
265 743 302 771 et
322 742 504 771 matrona
523 729 674 781 potem,
704 746 754 770 an
773 733 906 771 sedula
930 734 1060 772 nutrix
1079 750 1091 781 5

20 796 270 836 Mercatorne
290 811 430 848 vaguS,
459 796 636 834 cultorne
656 797 816 834 virentis
835 797 979 849 agelli;

20 860 208 906 Colchus,
228 874 277 898 an
293 859 470 909 Affyrius
488 875 498 906 3
519 860 665 898 Thebis
680 861 866 905 nutrium,
886 873 937 898 an
952 861 1092 914 Argis.

19 925 110 963 Aut
128 918 279 964 faniam
298 925 468 973 sequere,
497 933 566 962 aut
585 923 652 961 fibi
673 924 943 962 convenientia
955 924 1076 977 finge,

22 989 211 1038 Scriptor.
269 988 526 1025 Honoratum
542 987 568 1024 fi
583 987 684 1025 forte
700 988 853 1037 reponis
871 987 1093 1035 Achillem;

0 1052 214 1104 Impiger,
243 1051 468 1097 iracundus,
498 1052 756 1095 inexorabilis,
785 1065 889 1097 acer,
977 1053 986 1062 ⁶
1020 1063 1111 1097 121¹

20 1115 119 1164 Jura
137 1124 254 1167 neget
273 1115 341 1153 fibi
359 1124 465 1159 nata,
494 1114 590 1152 nihil
610 1127 687 1152 non
708 1125 866 1167 arroget
883 1114 1017 1153 armis.

23 1178 83 1216 Sit
103 1177 245 1215 Medea
263 1178 370 1216 ferox
390 1178 621 1226 invidiaque,
651 1177 785 1215 flebilis
806 1178 894 1223 Ino,
1043 1174 1045 1176 ¹

24 1241 201 1280 Perfidus
222 1241 349 1287 Ixion,
380 1242 424 1279 Io
444 1254 561 1292 vaga,
588 1240 701 1278 tristis
719 1241 886 1279 Orestes.

0 1315 1 1339 ³
26 1305 65 1343 Si
83 1305 179 1354 quid
199 1305 442 1354 inexpertum
460 1304 580 1342 scenae
599 1304 829 1350 committis,
857 1313 896 1342 et
914 1304 1034 1344 audes

24 1368 233 1406 Personam
253 1366 426 1406 formare
438 1379 583 1405 novam
599 1381 610 1412 ;
629 1367 800 1405 servetur
813 1367 863 1404 ad
879 1367 1005 1406 imum
1025 1367 1100 1406 126

24 1431 167 1479 Qualis
186 1433 236 1470 ab
255 1432 409 1481 incepto
428 1428 660 1482 processerit,
688 1439 727 1468 et
745 1430 812 1469 fibi
831 1431 990 1469 constet.

25 1496 200 1535 Difficile
219 1496 270 1534 est
290 1496 446 1546 proprie
467 1494 697 1533 communia
715 1494 844 1532 dicere
861 1509 871 1532 ε
901 1503 1025 1543 tuque

30 1560 186 1598 Rectius
210 1559 378 1598 Iliacum
401 1573 559 1598 carmen
580 1558 741 1597 deducis
762 1558 801 1596 in
820 1561 941 1604 actus,

27 1625 166 1679 Qam
184 1622 211 1660 fi
230 1622 424 1673 proferres
444 1624 580 1675 ignota
600 1623 820 1671 indifiaque
839 1622 1004 1671 primus.
1032 1632 1106 1672 130

30 1686 192 1726 Publica
212 1687 393 1725 materies
414 1688 555 1737 privati
569 1688 669 1737 juris
689 1687 775 1732 erit,
806 1686 833 1724 fi

31 1750 123 1789 Non
141 1750 245 1789 circa
264 1749 382 1788 vilem
401 1750 661 1799 patulumque
681 1749 895 1788 moraberis
909 1750 1046 1788 orbem
1062 1763 1072 1787 ι

32 1815 116 1853 Nec
137 1815 304 1852 verbum
323 1815 444 1852 verbo
464 1815 618 1852 curabis
638 1815 800 1852 reddere
821 1813 923 1851 fidus

34 1879 232 1927 Interpres
249 1892 260 1922 3
288 1890 359 1915 nec
381 1877 528 1915 desilies
548 1878 725 1916 imitator
743 1877 782 1915 in
801 1880 967 1922 arcium,

34 1944 154 1983 Unde
173 1943 314 1993 pedem
333 1941 508 1992 proferre
527 1942 657 1992 pudor
675 1951 794 1987 vetet,
815 1951 883 1979 aut
898 1940 1025 1990 operis
1039 1939 1116 1979 lex.

37 2007 190 2046 Nec'fic
210 2008 384 2058 incipies,
413 2017 458 2045 ut
477 2007 639 2058 scriptor
659 2008 829 2059 cyclicus
850 2006 969 2045 olim:
1044 2006 1119 2057 136

39 2072 66 2096 ‘⁴
87 2071 306 2113 Fortunam
326 2071 472 2110 Priami
492 2072 673 2118 cantabo,
703 2081 741 2111 et
759 2070 888 2112 nobile
911 2069 1060 2110 bellum
1077 2070 1120 2107 :'’

1006 2135 1043 2186 Q
1053 2133 1122 2173 uid
