1235 2365
251 131 548 174 EPoDON
593 132 831 177 LIBER.
1016 150 1088 191 ¹43

21 234 213 284 Interque
232 232 354 287 signa,
384 243 498 284 turpe
517 235 525 272 l
557 232 744 273 militaria
1045 248 1061 275 1
1070 247 1092 289 ς

77 297 144 337 801
165 298 298 348 aspicit
317 309 553 346 canopeum.

21 361 93 401 Ad
112 363 215 400 hunc
235 360 446 399 frementes
466 370 669 400 verterunt
693 361 750 401 bis
768 361 875 402 mille
895 376 1014 414 equos

75 425 198 472 Galli,
228 434 409 463 canentes
430 423 620 462 Caesarem
638 439 648 462 ε

20 487 314 537 Hostiliumque
333 487 496 526 navium
514 497 633 537 portu
647 486 772 528 latent

71 553 225 603 Puppes
245 551 498 590 sinistrorsum
519 551 618 591 citae.
1041 565 1094 595 20

19 617 67 655 Io
88 615 311 666 triumphe!
344 624 388 653 tu
409 615 575 654 moraris
597 629 734 655 aureos

69 680 232 725 Currus,
262 672 299 718 et
318 679 478 718 intactas
505 682 638 719 boves.

14 743 62 784 Io
81 743 279 793 triumphe
295 745 302 780 !
336 756 405 781 nec
419 743 660 795 Jugurthino
680 757 817 794 parem

71 807 182 845 Bello
202 807 403 856 reportasti
420 808 561 845 ducem
578 823 588 853 ;

12 870 150 919 Neque
170 869 379 914 Africano,
409 870 469 907 cui
489 871 602 920 super
621 870 906 925 Carthaginem
1034 883 1083 925 25·

65 933 200 970 Virtus
214 931 463 981 sepulchrum
483 933 673 971 condidit.
873 931 876 933 ’

11 996 138 1035 Terra
157 996 334 1044 marique
353 996 473 1033 vietus
493 995 624 1042 hostis,
654 997 802 1036 Punico

66 1061 257 1113 Lugubre
278 1060 447 1097 mutavit
467 1058 618 1112 sagum.

8 1123 97 1163 Aut
117 1123 180 1161 ille
200 1132 357 1160 centum
378 1122 549 1160 nobilem
570 1124 732 1162 Cretam
749 1125 917 1170 ,urbibus

61 1187 197 1225 Ventis
216 1187 341 1225 iturus
361 1200 439 1224 non
458 1187 546 1231 suis,
1028 1202 1080 1242 30

7 1251 252 1290 Exercitatas
272 1259 341 1288 aut
360 1250 457 1299 petit
479 1250 611 1300 Syrtes
633 1251 755 1298 Noto,

59 1315 149 1352 Aut
166 1313 291 1351 fertur
310 1314 458 1351 incerto
479 1315 591 1351 mari.

5 1380 238 1429 Capaciores
259 1376 370 1415 adfer
388 1378 480 1422 huc,
509 1391 620 1427 puer,
649 1378 828 1429 scyphos,

61 1444 115 1481 Et
130 1444 230 1481 Chia
242 1444 346 1487 vina,
375 1452 443 1480 aut
464 1443 602 1480 Le{bia
619 1458 629 1490 ;

4 1507 93 1552 Vel,
123 1508 230 1556 quod
250 1507 434 1544 fluentem
455 1508 638 1545 nauseam
659 1509 849 1554 coerceat,
1026 1523 1077 1562 35

59 1571 201 1609 Metire
219 1571 330 1608 nobis
347 1571 578 1608 Caecubum.

2 1639 153 1678 Curam
173 1649 402 1686 metumque
423 1638 582 1676 Caesaris
602 1652 734 1678 rerum
750 1640 867 1692 juvat

56 1702 179 1742 Dulci
199 1703 322 1752 Lyaeo
349 1700 508 1740 solvere.

942 1971 1078 2013 CAR-
