1235 2365
140 130 700 174 'EPISTOLARUM
742 133 836 172 Lm.
870 134 926 171 11.
996 135 1071 184 289

0 231 114 288 Qid
134 231 225 270 dem
242 232 254 268 ?
273 230 369 280 quid
387 242 467 268 non
486 229 604 268 dem?
621 229 748 268 renuis
769 228 876 278 quod
891 237 947 273 tu,
963 228 1076 278 jubet

166 294 264 333 alter
279 310 290 340 ;

0 357 127 414 Qod
139 358 249 408 petis,
265 358 304 395 id
317 357 403 395 sane
417 357 467 396 est
480 356 644 396 invisum
660 356 895 404 acidumque
908 355 1076 393 duobusa

3 423 151 461 Praeter
170 431 324 467 caetera,
353 435 417 459 me
440 421 579 459 Romoe
598 434 646 458 ne
666 422 851 469 poemata
870 419 996 457 censes
1026 420 1076 468 63

5 485 182 524 Scribere
201 483 317 534 posse,
347 484 447 521 inter
465 492 524 521 tot
545 496 656 521 curas
673 492 809 531 totque
828 482 1007 520 labores?

3 546 86 586 Hic
100 547 280 597 sponsum
300 555 442 591 vocat3
472 545 534 584 hic
554 546 736 583 auditum
754 546 909 594 scripta,
939 544 1076 582 reliftis

0 611 202 649 Omnibus
222 610 355 648 officiis
373 625 383 648 ε
415 612 533 648 cubat
551 610 613 647 hic
633 610 672 647 in
692 609 790 647 colle
805 609 988 664 Qirini3

4 674 88 712 Hic
110 684 283 712 extremo
304 673 343 711 in
362 672 565 711 Aventino
583 687 593 710 ε
624 672 802 711 visendus
821 682 998 723 uterque.

0 732 220 777 *Intervaila
238 738 346 776 vides
366 738 537 777 humane
559 738 782 775 commoda.
839 738 990 775 Verum
1028 749 1079 786 ’,Ὃ

0 803 120 842 Ῥυτεε
137 802 226 841 sunt
243 802 396 852 plateae,
424 801 520 840 nihil
538 811 583 840 ut
602 800 880 840 meditantibus
901 800 1035 839 obstet.

7 869 176 908 Festinat
195 868 344 906 calidus
365 866 481 905 mulis
502 865 719 919 gerulisque
738 865 937 903 redemtor
954 879 964 902 ε

4 930 188 981 Torquet
200 944 303 969 nunc
323 930 511 980 lapidem,
539 943 642 969 nunc
661 930 796 982 ingens
813 928 995 968 machina
1007 928 1081 981 fige

83 1028 86 1030 ,
163 1008 260 1033 num
275 1009 285 1032 ε

6 1058 150 1098 Tristia
163 1059 326 1097 robustis
344 1057 541 1096 luftantur
559 1056 698 1095 funera
715 1055 917 1107 plaustris:

6 1123 100 1163 Hac
115 1123 266 1160 rabiosa
281 1121 386 1174 fugit
400 1123 520 1167 canis,
540 1122 611 1160 hac
627 1121 821 1160 lutulenta
836 1121 916 1160 ruit
930 1121 1006 1159 sus·
1030 1132 1049 1170 7
1057 1133 1076 1170 ς

8 1187 28 1225 1
48 1199 167 1233 nunc,
196 1196 235 1225 et
252 1186 382 1225 versus
402 1196 535 1225 tecum
554 1186 745 1223 meditare
765 1197 944 1223 canoros.

10 1250 255 1301 Scriptorum
284 1249 425 1289 chorus
455 1250 581 1288 omnis
610 1259 719 1289 amat
737 1263 889 1296 nemu5‚
919 1259 957 1288 et
975 1247 1079 1302 fugit.

170 1313 301 1358 urbes,

12 1375 102 1414 Rite
122 1375 237 1414 cliens
260 1376 402 1414 Bacchi
423 1376 557 1415 somno
576 1378 783 1430 gaudentis
804 1388 842 1418 et
860 1380 1014 1417 umbra0

7 1439 76 1479 Tu
95 1453 158 1479 me
177 1440 277 1478 inter
298 1440 475 1490 strepitus
495 1445 705 1481 noeturnos
727 1453 844 1492 atque
866 1444 1026 1480 diurnos

9 1504 79 1542 Vis
99 1517 251 1550 canere,
280 1514 318 1542 et
337 1508 515 1544 cunctata
534 1507 637 1555 sequi
658 1507 817 1560 vestigia
835 1507 1001 1546 vatum?
1029 1506 1081 1546 80

9 1567 239 1621 Ingenium,
267 1568 335 1606 fibi
355 1569 462 1617 quod
480 1582 624 1608 vacuas
645 1570 826 1608 desumsit
844 1570 1040 1615 Athenas,

10 1629 66 1670 Et
85 1631 216 1669 studiis
236 1644 356 1669 annos
374 1632 520 1681 septem
540 1633 661 1677 dedit,
689 1633 927 1683 insenuitque

8 1693 143 1734 Libris
163 1705 202 1734 et
220 1696 337 1741 curis,
367 1696 491 1734 statua
510 1696 740 1734 taciturnius
760 1697 838 1734 exit

11 1757 262 1810 Plerumque,
279 1768 317 1797 et
331 1759 405 1796 risu
418 1759 610 1808 populum
626 1761 769 1810 quatit:
786 1760 848 1798 hic
862 1773 936 1813 ego
949 1774 1037 1798 reru
1046 1774 1081 1797 nx

8 1821 210 1861 fluetibus
229 1823 269 1861 in
287 1823 440 1868 mediis,
469 1833 507 1860 et
527 1824 816 1873 tempestatibus
836 1825 957 1870 urbis,
1033 1826 1080 1875 85

10 1884 144 1923 Verba
161 1885 257 1935 lyrae
274 1896 432 1924 motura
450 1886 588 1924 sonum
605 1890 829 1925 connectere
850 1889 988 1941 digner
1005 1889 1018 1926 ἶ

8 1949 150 1988 Frater
168 1960 251 1988 erat
273 1951 412 1988 Romae
433 1951 595 1988 consuiti
614 1952 746 1988 rhetor
764 1967 774 1997 ;
803 1961 847 1989 ut
867 1952 965 1991 alter

13 2012 195 2052 Alterius
214 2013 388 2052 sermone
403 1999 540 2052 meros!
552 2016 705 2053 audiret
724 2015 889 2053 honores
906 2031 916 2054 ε

7 2069 222 2118 Gracchus
241 2088 286 2119 ut
306 2078 368 2118 hic
389 2079 444 2120 illi
463 2078 579 2124 foret,
608 2079 697 2118 huic
719 2090 761 2119 ut
777 2080 932 2121 Mucius
950 2081 1026 2121 ine.

556 2142 629 2182 (ἐς
1001 2147 1084 2202 Q}
