1235 2365
96 126 148 175 98
447 126 518 181 Q
551 102 877 168 Ho‘RATu

92 219 144 263 O,
173 231 258 267 quae
277 218 434 257 beatam
453 218 561 257 Diva
579 229 684 258 tenes
705 220 899 270 Cyprum,
927 228 966 261 et

89 282 314 332 Memphim
334 292 532 322 carentem
555 283 732 323 Sithonia
749 284 853 329 nive,
1106 297 1164 326 ’ῖο
1187 295 1191 333 f

147 345 319 397 Regina,
348 347 502 386 sublimi
523 347 679 400 flagello

193 407 335 463 Tange
355 409 508 448 Chloe'n
526 410 643 449 semel
662 419 931 464 arrogantem.

326 576 363 618 C
384 577 428 617 A
449 577 491 619 R
512 577 562 616 M
584 576 617 617 E
638 576 682 617 N
740 577 924 620 XXVII.

390 702 461 740 An
492 700 847 740 GALATEAM.

147 787 288 827 Meros
308 799 430 836 parrae
449 785 654 823 recinentis
671 798 788 823 omen

177 855 326 898 Ducat,
356 861 394 890 et
413 864 617 904 praegnans
638 850 758 895 canis,
788 859 858 889 aut
875 851 924 890 ab
943 863 1042 904 agro

90 918 202 955 Rava
221 917 436 954 ducurrens
456 915 551 964 lupa
566 914 793 960 Lanuvino,

249 981 436 1029 Foetaque
456 979 592 1029 vulpes
609 994 618 1016 :
1233 1024 1235 1031 Α

85 1044 263 1094 Rumpat
284 1053 322 1081 et
341 1042 492 1092 serpens
514 1041 838 1088 itervinstitutum,
1136 1050 1163 1092 5
1202 1033 1207 1042 ’

88 1109 124 1145 Si
145 1121 212 1157 per
231 1106 439 1155 obliquum
458 1105 590 1143 fimilis
610 1104 757 1157 sagittae

84 1170 247 1209 Terruit
267 1182 446 1208 mannos.
505 1169 595 1221 Ego
615 1168 677 1206 cu'i
697 1168 845 1207 timebo

249 1233 447 1271 Providus
467 1232 621 1281 auspex,

83 1299 318 1346 Antequam
341 1296 480 1334 stantes
501 1304 651 1344 repetat
672 1293 833 1343 paludes

84 1361 279 1399 Imbrium
300 1360 432 1397 divina
451 1359 532 1396 avis
554 1358 846 1404 imminentum‚
1111 1367 1160 1398 ιο
1200 1403 1201 1408 ¹

83 1425 266 1463 Oscinem
286 1435 452 1460 corvum
470 1435 583 1471 prece
601 1421 792 1461 suscitabo

245 1486 343 1525 Solis
365 1487 413 1524 ab
433 1495 536 1523 ortu.

53 1584 55 1589 .
85 1551 144 1588 Sis
163 1549 254 1588 licet
275 1548 364 1587 felix
387 1550 612 1597 ubicunque
631 1547 773 1593 mavis,

84 1616 139 1652 Et
158 1627 310 1653 memor
330 1613 461 1657 nostri,
495 1611 680 1656 Galatea,
708 1612 817 1649 vivas
831 1626 843 1650 :

45 1706 50 1708 .
83 1679 222 1728 Teque
242 1691 311 1715 nec
331 1677 452 1714 laevus
472 1685 581 1713 vetat
600 1676 654 1712 ire
674 1675 799 1725 picus,
1104 1685 1160 1727 ,ις

249 1741 330 1779 Nec
354 1753 456 1792 vaga
476 1739 623 1776 cornix.

86 1806 161 1845 Sed
177 1805 283 1842 vides
305 1813 455 1852 quanto
473 1802 644 1852 trepidet
656 1800 833 1840 tumultu

85 1872 234 1908 Pronus
258 1867 413 1906 Orion?
444 1865 534 1917 Ego
555 1863 651 1913 quid
674 1863 717 1900 slt
740 1872 824 1902 ater

88 1934 223 1972 Adriae
243 1932 334 1969 novi
357 1930 470 1973 fixum,
500 1938 539 1966 et
559 1928 655 1981 quid
674 1926 786 1966 albus

221 1987 226 1992 ⁸
247 1995 388 2034 Peccet
410 1994 547 2044 Iapyx
1109 2003 1160 2031 20
1204 1987 1205 1994 ¹

971 2053 1158 2094 Hostium
1206 2067 1211 2083 ⁴
