1235 2365
119 125 172 177 96
432 124 509 183 ‘Q
542 125 871 171 HoRATH

116 219 193 259 Vel
213 233 282 258 nos
303 219 341 257 in
361 219 617 270 Capitolium,
1128 241 1181 281 45
1203 261 1210 279 ξ

170 283 264 336 Qo
284 282 434 320 clamor
453 295 582 330 vocat,
612 295 650 325 et
669 288 786 326 turba
804 287 1048 337 faventium3

117 345 191 384 Vel
211 359 281 383 nos
301 346 340 383 in
359 360 467 385 mare
488 349 712 397 proximum

171 408 378 454 Gemmas,
408 420 445 448 et
459 410 622 461 lapides,
651 425 794 453 aurum
813 425 852 454 et
870 415 1022 463 inutile,

122 472 275 510 Summi
295 475 503 512 'materiem
523 476 632 522 mali,

169 536 391 575 Mittamus.
453 538 650 579 Scelerum
670 540 697 578 fi
716 543 813 580 bene
832 544 1009 594 poenitet,
1131 551 1191 597 50'*
1208 559 1210 562 ⁴

117 600 330 639 Eradenda
349 602 540 650 cupidinis

172 664 286 702 Pravi
307 664 393 702 sunt
414 664 621 711 elementa,
651 676 689 705 et
707 676 849 707 tenerae
868 669 985 708 nimis

121 726 274 766 Mentes
295 727 548 776 asperioribus

176 790 406 828 Formandae
427 790 570 829 studiis.
629 792 758 831 Nescit
778 807 880 844 equo
900 795 1008 834 rudis

121 853 284 894 Haerere
305 855 495 906 ingenuus
515 869 625 904 puer,
1138 872 1160 911 5
1165 871 1188 911 5

175 917 397 965 venarique
418 918 530 956 timet
548 934 558 963 ;
588 918 722 957 ludere
741 920 902 967 doc'tior,

125 980 201 1018 Seu
222 980 362 1019 Graeco
377 982 514 1031 jubeas
535 981 687 1027 trocho,

177 1044 254 1082 Seu
275 1044 387 1081 malis
406 1045 524 1082 vetita
545 1044 696 1097 legibus
716 1046 800 1087 alea
815 1062 828 1086 τ

122 1105 227 1146 Cum
244 1108 399 1157 perjura
418 1107 537 1155 patris
559 1106 653 1145 fides

176 1170 422 1215 consortem,
451 1170 598 1208 socium
617 1171 743 1218 fallat,
773 1182 811 1211 et
825 1173 1029 1225 hospitem,
1138 1176 1192 1215 6⁹

125 1233 374 1283 Indignoque
394 1233 602 1282 pecuniam

178 1295 329 1333 Heredi
350 1306 544 1346 properet.
603 1297 772 1343 Scilicet,
801 1299 986 1350 improbae

124 1357 311 1397 Crescunt
333 1359 476 1397 divitiae
495 1374 504 1397 :
535 1369 667 1398 tamen

179 1422 309 1460 Curtae
329 1422 455 1461 nescio
475 1423 571 1472 quid
589 1424 741 1474 semper
759 1425 862 1464 abest
881 1426 948 1464 rei.

385 1580 731 1625 CARMEN
790 1583 935 1626 XXV.

403 1694 479 1732 An
537 1694 912 1735 BACCHUM.

196 1783 275 1822 UO
296 1797 372 1828 me,
406 1784 574 1831 Bacche,
603 1787 704 1836 rapis
726 1784 783 1825 t'ui

232 1852 397 1892 Plenum
408 1855 882 1909 ?Qaenemora,autquos
890 1854 1186 1910 agorinspecus,
1202 1884 1205 1889 -
1233 1906 1235 1909 .

128 1913 251 1952 Velox
272 1927 401 1956 mente
421 1921 549 1958 nova?
575 1920 731 1973 Qibus

178 1979 334 2026 Antris,
365 1982 511 2034 egregii
532 1982 706 2029 Caesaris,
735 1984 887 2032 audiar,
1063 2023 1066 2026 .
1223 2027 1224 2030 ,

125 2038 335 2082 AEternum
355 2044 547 2084 meditans
569 2045 700 2093 decus,
1167 2057 1192 2096 5

1068 2107 1196 2148 stellis
