1235 2365
138 148 216 186 262
459 146 529 200 Q
570 144 904 185 HORATII.

383 320 796 362 EPISTOLA
855 320 954 362 XV.

260 445 331 483 An
378 444 424 483 C.
473 442 798 483 NUMONIUM
839 441 1068 482 VALAM.

204 544 298 581 UAE
313 543 356 581 fit
369 542 493 585 hiems
505 540 1039 591 Veliae,qu0dcoe1um‚Va1a,
1048 539 1200 579 Salerni

242 608 425 659 Qorum
438 607 644 644 hominum
657 606 780 657 regio,
796 614 833 642 et
846 603 971 653 qualis
984 603 1048 641 via
1061 618 1070 641 :
1091 603 1203 649 (nam

286 669 381 706 mihi
409 670 524 707 Baias

125 731 239 769 Musa
258 731 514 780 supervacuas
535 730 760 768 Antonius:
792 740 830 768 et
848 740 981 769 tamen
1002 728 1078 766 illis

125 794 192 830 Me
213 793 307 831 facit
327 794 506 838 invisum,
536 793 666 847 gelida
687 807 778 832 cum
798 793 955 843 perluor
976 792 1082 829 unda

123 855 197 893 Per
218 857 393 894 medium
414 856 551 908 frigus,
612 857 710 893 Sane
731 865 903 905 myrteta
921 853 1102 903 relinqui,
1172 865 1198 905 5·

122 919 316 967 Diftaque
337 918 540 957 ceffantem
561 920 687 956 nervis
708 919 848 956 elidere
868 918 1054 955 morbum

125 981 285 1019 Sulfura
305 983 516 1027 contemni,
544 984 652 1020 vicus
673 983 826 1034 gemin
856 981 1009 1019 invidus
1031 979 1160 1031 aegris,

121 1045 202 1099 Qi
213 1055 374 1094 caputet
388 1045 629 1084 stomachum
643 1047 855 1096 supponere
867 1044 1040 1083 fontibus
1052 1044 1200 1082 audent

121 1107 300 1152 Clusinis,
332 1108 554 1157 Gabiosque
574 1118 726 1158 petunt,
756 1118 793 1146 et
818 1108 963 1160 frigida
981 1119 1088 1144 rura.

118 1171 336 1210 Mutandus
356 1171 464 1209 locus
486 1172 550 1216 est,
581 1182 618 1209 et
639 1172 847 1210 diversoria
866 1180 960 1208 nota
1144 1180 1192 1206 10

119 1235 264 1273 Praeter
284 1236 459 1287 agendus
481 1248 616 1283 equus,
674 1235 768 1287 Qo
798 1234 924 1272 tendis
947 1234 960 1271 ?
987 1245 1067 1273 non
1094 1230 1197 1271 mihi.

281 1298 429 1335 Cumas

120 1360 186 1397 Est
208 1361 292 1405 iter,
321 1371 389 1399 aut
414 1362 540 1405 Baias,
569 1360 666 1398 laeva
685 1359 945 1398 stomachosus
963 1359 1117 1398 habena

113 1423 233 1460 Dicet
254 1437 394 1472 eques:
425 1425 489 1461 sed
509 1425 597 1473 equi
617 1424 769 1462 frenato
790 1424 841 1462 est
861 1425 962 1462 auris
983 1425 1021 1461 in
1041 1429 1142 1473 ore.)

117 1485 248 1535 Major
268 1497 402 1525 utrum
423 1488 615 1537 populum
635 1487 822 1526 frumenti
843 1488 956 1537 copia
980 1487 1110 1537 pascat
1128 1502 1140 1532 ;

116 1549 351 1587 Colleftosne
371 1551 505 1588 bibant
526 1551 682 1594 imbres,
712 1550 894 1599 puteosne
915 1563 1100 1599 perennes
1140 1561 1184 1599 15

114 1612 255 1650 Dulcis
277 1627 383 1662 aquae
400 1628 408 1650 z
439 1615 548 1658 (nam
568 1615 658 1651 vina
678 1614 772 1651 nihil
792 1627 926 1652 moror
946 1613 1048 1651 illius
1070 1627 1143 1651 orae
1162 1628 1172 1652 z

117 1674 223 1713 Rure
244 1690 332 1713 meo
352 1675 502 1725 possum
522 1678 672 1726 quidvis
693 1677 863 1726 perferre
882 1677 1066 1726 patique:

115 1739 184 1775 Ad
205 1751 311 1776 mare
332 1752 424 1776 cum
443 1740 544 1785 veni,
573 1740 804 1792 generosum
824 1749 861 1777 et
880 1739 964 1776 lene
984 1739 1157 1787 requiro,

112 1801 235 1855 Qod
255 1815 366 1839 curas
387 1803 533 1854 abigat,
563 1803 670 1851 qnod
691 1815 782 1840 cum
801 1802 864 1852 spe
885 1802 1004 1839 divite
1025 1811 1158 1839 manet.

111 1863 159 1900 In
178 1877 291 1901 venas
306 1865 559 1914 animumque
572 1879 719 1910 meum,
735 1866 842 1914 quod
855 1866 973 1902 verba
983 1865 1183 1911 ministret,

110 1926 234 1978 Qod
260 1940 322 1965 me
349 1928 521 1966 Lucanae
537 1931 721 1979 juvenem
744 1928 993 1966 commendet
1017 1928 1184 1977 amicae.)

109 1987 274 2027 Trae‘tus
295 1999 381 2028 uter
400 1990 532 2040 piures
550 1990 715 2040 lepores,
745 2000 832 2028 uter
852 1991 993 2028 educet
1013 2003 1153 2040 apros:

108 2053 211 2091 Utra
230 2054 356 2108 magis
376 2055 493 2105 pisces
514 2064 552 2094 et
571 2055 726 2094 echinos
748 2068 906 2104 aequora
925 2053 1064 2098 celent,

509 2109 514 2114 ⁸
1011 2117 1177 2171 Pinguis
