1235 2365
115 117 192 158 300
429 97 866 158 QHORATH
919 91 923 94 ’

108 195 220 249 Qid
240 193 406 247 dignum
425 202 536 233 tanto
555 193 653 234 feret
671 195 734 234 hic
753 194 956 246 promissor
973 193 1112 235 hiatu?

108 259 339 298 Parturiunt
358 268 510 297 montes
528 274 538 305 ;
567 260 744 298 nascetur
763 259 950 298 ridiculus
969 272 1072 298 mus.

107 323 272 375 Qanto
291 322 428 360 rectius
447 321 525 366 hic,
550 323 618 371 qui
638 322 692 360 nil
711 322 874 361 molitur
893 323 1020 373 inepte
1037 325 1046 360 Ξ
1110 334 1185 373 140
1206 363 1207 373 ἶ

108 389 136 409 “
164 385 242 424 Dic
271 384 382 429 mihi,
415 384 542 430 Musa,
576 385 720 431 virum,
753 394 878 436 captae
895 385 979 436 post
998 395 1187 436 tempora
1207 386 1209 436 ᾖ

272 446 421 498 Trojae,

110 506 136 533 “
156 504 239 567 Qi
251 525 378 550 mores
392 513 598 551 hominum
611 512 831 553 multorum
844 513 957 559 vidit,
970 523 1009 552 et
1020 513 1182 552 urbes.”
1219 494 1235 535 v

110 577 202 616 Non
220 575 379 615 fumum
398 590 442 614 ex
460 576 632 629 fulgore,
661 577 722 615 sed
744 590 788 615 ex
808 576 921 615 fumo
941 577 1034 615 dare
1052 575 1184 614 lucem
1223 559 1235 600 Ῑ

110 640 287 693 Cogitat,
314 650 360 678 ut
378 640 545 690 speciosa
563 640 702 677 dehinc
722 638 914 677 miracula
932 648 1105 688 promat,
1225 621 1235 663 Ῑ

109 701 371 755 Antiphaten,
390 702 654 754 Scyllamque,
666 712 705 742 et
719 716 810 741 cum
823 700 996 752 Cyclope
1011 701 1188 752 Charyb-

278 766 373 805 dim.
966 790 970 793 >
1115 776 1188 817 145

114 829 197 869 Nec
216 830 387 869 reditum
408 829 614 870 Diomedis
634 831 683 870 ab
703 829 862 869 interitu
881 829 1090 884 Meleagri,

115 894 198 933 Nec
217 894 377 945 gemino
394 893 541 933 bellum
561 894 783 945 Trojanum
802 893 956 932 orditur
975 889 1023 932 a'b
1043 906 1147 933 ovo:

118 960 278 1008 Semper
296 959 347 996 ad
367 968 550 997 eventum
569 958 721 997 festinat
737 974 760 1004 3>
778 968 816 997 et
836 959 874 997 in
893 958 1041 997 medias
1061 971 1141 1004 res,

115 1019 207 1059 Non
225 1020 330 1058 secus
351 1034 394 1059 ac
415 1031 543 1067 notas,
572 1021 794 1059 auditorem
813 1021 942 1071 rapit:
973 1030 1012 1058 et
1031 1033 1118 1070 quae

114 1083 307 1134 Desperat
325 1087 489 1124 traetata
506 1085 688 1123 nitescere
708 1083 824 1134 posse,
852 1083 1064 1132 relinquit:
1112 1095 1187 1135 150
1217 1071 1235 1106 *²

114 1148 254 1197 Atque
274 1148 328 1187 ita
347 1149 550 1195 mentitur,
579 1148 628 1186 fic
648 1148 748 1186 veris
769 1146 865 1186 falsa
881 1147 1073 1193 remiscet,
1234 1146 1235 1150 ’

114 1211 249 1250 Primo
263 1224 311 1250 ne
330 1212 521 1258 medium,
550 1211 681 1250 medio
701 1224 748 1249 ne
769 1211 957 1260 discrepet
976 1211 1115 1249 imum.

114 1272 196 1319 Tu,
225 1274 321 1323 quid
340 1287 414 1326 ego
433 1283 472 1312 et
490 1273 659 1323 populus
678 1286 836 1312 mecum
856 1272 1059 1318 defideret,
1081 1271 1188 1311 audi.
1220 1300 1221 1327 ¹

117 1339 156 1376 Si
175 1338 362 1389 plausoris
381 1351 471 1391 eges
491 1337 616 1376 aulaea
634 1336 842 1382 manentis,
870 1345 908 1374 et
926 1335 1046 1385 usque
1220 1339 1222 1347 '

117 1400 271 1448 Seffuri,
299 1402 422 1440 donec
443 1411 592 1446 cantor,
622 1402 702 1440 Vos
721 1401 911 1451 plaudite,
940 1401 1074 1448 dicat;
1114 1410 1188 1453 155·

115 1465 262 1504 AEtatis
282 1465 465 1516 cujusque
484 1465 647 1504 notandi
667 1465 754 1504 sunt
772 1466 843 1505 tibi
862 1478 1005 1510 mores,

116 1527 404 1577 Mobilibusque
423 1530 540 1567 decor
558 1530 708 1568 naturis
726 1529 894 1575 dandus,
923 1538 963 1567 et
979 1527 1102 1566 annis.

118 1591 298 1630 Reddere
318 1592 385 1640 qui
406 1605 518 1630 voces
532 1594 618 1644 jam
637 1592 706 1631 scit
725 1605 835 1643 puer,
864 1601 903 1630 et
921 1592 1019 1642 pede
1038 1598 1145 1629 certo

119 1655 255 1706 Signat
276 1655 459 1700 humum,
479 1655 591 1707 gestit
611 1656 767 1705 paribus
787 1655 1010 1700 colludere;
1030 1663 1069 1693 et
1089 1653 1191 1692 iram

115 1716 279 1770 Colligit
295 1731 338 1755 ac
358 1719 469 1767 ponit
486 1728 645 1763 temere,
666 1728 704 1757 et
719 1728 897 1757 mutatur
912 1719 950 1756 in
965 1718 1094 1756 horas.
1116 1718 1191 1756 160

117 1781 324 1820 Imberbus
338 1782 507 1833 Juveni5‚
535 1783 697 1820 tandem
718 1781 873 1820 custode
895 1791 1064 1827 remote,

118 1843 278 1882 Gaudet
293 1845 399 1893 equis
413 1845 659 1894 canibusque,
673 1855 710 1883 et
724 1846 843 1895 aprici
852 1845 1031 1898 gramine
1038 1844 1186 1896 campi4

117 1907 262 1946 Cereus
283 1908 322 1945 in
342 1908 480 1946 vitium
501 1908 611 1954 fleeti,
640 1910 899 1948 monitoribus
918 1910 1040 1956 asper,

118 1970 288 2009 Utilium
306 1972 443 2009 tardus
461 1971 647 2021 provisor,
675 1972 864 2026 prodigus
885 1974 992 2019 aeris‚‘

119 2032 320 2081 Sublimis,
340 2033 592 2085 cupidusque,
612 2044 650 2074 et
665 2045 797 2076 amata
810 2035 1028 2087 relinquere
1040 2036 1186 2089 pernix.
1228 2066 1230 2089 ἓ

1088 2100 1190 2139 Con·
1229 2117 1231 2175 ›
