1235 2365
251 126 658 168 CARMIN'UM-
693 125 788 167 Lm.
819 128 901 166 111.

49 220 255 259 Parcentes
276 234 350 274 ego
371 221 546 259 dexteras

101 284 204 322 Odi:
234 284 370 336 sparge
390 283 507 328 rosaS‚
537 283 692 321 Audiat
712 283 866 322 invidus

0 350 8 375 ¹·
46 346 286 385 Dementem
307 346 507 395 strepitum
528 347 676 396 Lycus,

101 411 155 447 Et
172 410 325 455 vicina,
337 409 420 463 seni·
433 422 512 447 non
530 409 668 448 habilis
688 410 814 460 Lyco.

50 470 170 522 spissa
189 481 230 510 te
249 472 422 510 nitidum
441 485 568 516 coma,

99 535 205 573 Puro
224 544 262 572 te
285 535 465 579 fimilem,
496 534 683 584 Telephe,
711 534 883 586 vespero,

44 586 293 646 ‘1⁶Empestiva
311 598 409 647 petit
429 597 554 636 Chloe*
574 612 584 634 ε

96 661 163 700 Me
182 661 309 700 lentus
332 660 513 710 Glycerae
533 669 655 698 torret
680 673 792 699 amor
810 675 936 701 rneaes

325 830 673 871 CARMEN
732 831 828 872 XX

355 957 425 995 An
482 956 785 995 PYRRHUM.

166 1054 243 1094 ΟΝ
263 1054 368 1092 vides
389 1063 537 1103 quanto
557 1067 715 1092 moveas
736 1054 915 1104 periclo,

218 1120 378 1168 Pyrrhe,
409 1118 576 1156 Gaetulae
595 1119 744 1157 catulos
759 1120 888 1158 leaenoe
904 1120 918 1157 ἒ

44 1185 162 1223 Dura
180 1182 264 1232 post
285 1181 403 1231 paulo
424 1181 549 1233 fugies
570 1182 738 1220 inaudax

201 1245 342 1282 Proelia
361 1254 495 1294 raptor
512 1260 523 1289 3

42 1307 146 1346 Cum
166 1321 234 1357 per
253 1307 444 1345 obstantes
459 1309 651 1358 juvenum
667 1317 858 1348 catervas-

45 1372 123 1408 Ibit
143 1371 330 1422 infignem
350 1380 525 1419 repetens
546 1371 770 1409 Nearchum
787 1387 796 1409 τ

44 1435 210 1474 Grande
230 1444 430 1472 certamen
458 1434 528 1472 tibi
548 1435 681 1484 praeda
700 1435 815 1473 cedat

204 1496 349 1547 Major,
379 1509 430 1533 an
448 1496 518 1532 illi.

43 1561 221 1605 Interim,
252 1561 348 1597 dum
369 1569 413 1597 tu
432 1558 574 1597 celeres
593 1558 752 1612 sagittas

42 1625 208 1669 Promis,
237 1624 318 1662 haec
342 1624 477 1660 dentes
498 1623 603 1660 acuit
623 1622 849 1668 timendos,-

42 1688 207 1725 Arbiter
225 1700 368 1739 pugnae
389 1685 546 1735 posuisse
566 1687 674 1724 nudo

204 1751 284 1788 Sub
304 1751 402 1799 pede
423 1749 604 1799 palmam

45 1815 197 1858 Fertur,
227 1824 265 1852 et
283 1814 359 1851 leni
379 1828 553 1851 recreare
572 1823 690 1851 vento

45 1879 227 1927 Sparsum
248 1877 420 1916 odoratis
440 1877 650 1914 humerum
670 1875 818 1925 capissis
837 1890 848 1914 ε

42 1943 183 1998 Qalis
199 1951 266 1980 aut
288 1941 427 1978 Nireus
447 1939 535 1985 fuit,
565 1950 633 1980 aut
654 1940 798 1990 aquosa

208 2005 356 2055 Raptus
377 2005 424 2043 ab
452 2004 537 2042 [da.

1063 138 1111 180 91

1066 486 1089 512 2
1089 485 1124 526 53

1061 1633 1115 1662 10

1068 1949 1114 1989 15

985 2064 1118 2105 CAR-
