1235 2365
200 104 631 171 'CARMINUM
676 123 772 166 Lm.
802 126 837 165 1.
1040 134 1095 180 33.

257 312 610 355 CARMEN
668 311 851 354 XXXII.

346 424 419 464 An
466 424 741 465 LYRAM.

104 523 315 570 Oscxmus‚
345 522 371 561 fi
393 524 489 574 quid
510 525 623 563 vacui
644 524 712 562 sub
733 525 877 562 umbra

133 585 318 625 Lufimus
337 595 483 633 tecum,
514 587 621 637 quod
642 595 680 624 et
697 585 801 624 hunc
822 587 861 624 in
880 597 1029 625 annum

10 652 140 698 Vivat,
168 660 205 689 et
225 649 382 700 plures3
412 664 499 704 age,
531 651 594 689 dic
617 650 827 697 Latinum,

124 714 302 760 Barbite,
327 727 499 761 carmen,

47 778 144 818 elbio
163 779 337 828 primum
358 779 562 817 modulate
582 779 655 817 civi
674 794 683 817 :
1054 788 1081 830 5

5 842 89 898 Qi
107 842 215 880 ferox
234 840 357 887 bello,
387 853 520 882 tamen
539 844 640 881 inter
659 856 784 890 arma,

4 905 95 945 Sive
108 908 296 957 jaftatam
312 905 498 958 religzlrat
516 908 598 945 udo

0 969 1 974 ’
112 970 267 1008 Littore
288 970 422 1008 navim
438 985 450 1016 3

4 1034 212 1080 Liberum,
242 1044 279 1073 et
300 1034 448 1080 Musas,
479 1036 769 1082 Veneremque,
801 1043 838 1073 et
858 1033 915 1072 illi

7 1099 171 1149 Semper
190 1099 403 1137 haerentem
422 1111 590 1148 puerum
610 1098 788 1144 canebat,
1033 1110 1082 1136 10

6 1164 62 1203 Et
82 1164 241 1214 Lycum
260 1164 381 1216 nigris
403 1161 524 1200 oculis
545 1162 739 1214 nigroque

112 1227 229 1265 Crine
250 1227 453 1264 decorum.

4 1291 41 1330 O
63 1291 184 1329 decus
205 1291 354 1336 Phoebi,
385 1299 421 1328 et
443 1289 607 1338 dapibus
627 1287 796 1337 supremi

1 1355 131 1395 Grata
151 1356 303 1395 testudo
323 1355 446 1406 Jovis,
475 1354 499 1392 ὂ
519 1352 703 1391 laborum

0 1418 130 1459 Dulce
149 1419 334 1464 lenimen,
365 1418 462 1456 mihi
482 1431 637 1467 cunque
655 1416 760 1456 salve
1026 1430 1074 1470 15

114 1482 205 1522 Rite
227 1482 397 1523 vocanti.

229 1665 580 1710 CARMEN
638 1665 841 1707 XXXIII.

141 1780 212 1819 An
252 1779 519 1819 ALBIUM
562 1779 926 1819 T1BULLUM‚

113 1862 208 1908 Lm,
237 1876 284 1900 ne
305 1862 436 1901 doleas
458 1863 546 1913 plus
565 1863 705 1908 nimio,
735 1877 890 1902 memor

166 1927 336 1964 Immitis
359 1927 553 1976 Glycerae,
583 1941 657 1965 neu
679 1927 913 1966 miserabiles

0 1989 193 2028 Decantes
216 1989 361 2042 elegos,
391 2005 460 2028 cur
481 1991 694 2043 tibijunior

48 2054 164 2094 Laesa
182 2056 388 2107 praeniteat
406 2055 496 2094 fide.

873 2110 919 2148 In
926 2108 946 2145 (1
951 2122 1073 2163 gnem
