1235 2365
123 170 199 208 144
417 155 488 211 Q
521 154 852 196 HORATII

418 311 741 358 CARMEN
783 316 838 358 X.

422 427 469 466 In
519 428 844 468 MAEVIUM.

242 525 370 567 ALA
389 524 520 565 soluta
538 528 648 565 navis
668 528 744 566 exit
762 526 855 567 alite

297 592 438 630 Ferens
458 591 628 631 olentem
646 592 850 632 Maevium.

64 647 67 649 ‚
101 658 160 695 Ut
178 655 345 694 horridis
366 664 580 703 utrumque
599 657 778 694 verberes
790 655 908 702 latus,

154 718 314 763 Auster,
343 727 556 763 memento,
585 717 773 758 fluetibus.

101 783 225 834 Niger
239 782 421 819 rudentes
442 781 588 827 Eurus,
617 782 765 820 inverso
783 783 899 829 mari,

157 845 386 893 Fraeiosque
410 859 540 883 remos
561 842 728 885 differat.

103 908 285 961 Insurgat
304 905 472 957 Aquilo,
502 920 670 957 quantus
699 907 787 958 aitis
806 895 1024 950 montibu-²⁸.¹

155 972 319 1024 Frangit
337 981 546 1010 trementes
566 973 683 1012 ilices.

101 1036 183 1075 Nec
204 1035 305 1073 fidus
325 1045 411 1073 atra
431 1037 539 1073 1106oe
559 1038 731 1076 amicum
751 1046 951 1089 appareat,

154 1101 248 1154 Qa
267 1099 380 1137 tristis
397 1099 522 1138 Orion
538 1100 642 1138 cadit
657 1115 667 1138 z

101 1165 307 1209 Quietiore
326 1178 395 1202 nec
415 1163 564 1203 feratur
582 1177 736 1213 aequore

152 1228 288 1282 Qam
310 1229 434 1266 Graia
452 1229 642 1266 vistorum
662 1241 800 1266 manus
819 1243 829 1267 ε

98 1291 202 1329 Cum
226 1291 352 1328 Panas
372 1291 455 1329 usto
474 1292 591 1329 vertit
610 1291 708 1329 iram
729 1293 777 1329 ab
797 1290 873 1329 Ilio

154 1355 200 1391 In
220 1353 383 1402 impiam
402 1353 540 1404 Ajacis
560 1364 699 1392 ratem.

97 1417 135 1455 O
165 1426 335 1464 quantus
356 1416 468 1454 instat
486 1417 627 1455 navitis
646 1417 762 1455 sudor
782 1416 873 1465 tuis,

149 1479 319 1527 Tibique
339 1478 465 1528 pallor
483 1479 624 1525 luteus,

96 1543 153 1581 Et
172 1542 239 1579 illa
256 1555 335 1579 non
354 1541 473 1579 virilis
493 1543 666 1593 ejulatio,

151 1606 288 1643 Preces
309 1615 347 1643 et
366 1607 542 1644 aversum
563 1609 612 1645 ad
632 1608 786 1656 Jovem,

97 1669 231 1706 Ionius
246 1669 326 1706 udo
346 1679 436 1706 cum
457 1671 678 1723 remugiens
698 1671 798 1709 finus

150 1733 255 1770 Noto
275 1733 449 1770 carinam
468 1735 615 1783 ruperit
631 1736 639 1771 !

95 1797 243 1846 Opima
261 1797 368 1844 quod
389 1796 415 1833 fi
434 1798 568 1846 praeda
587 1811 707 1836 curvo
726 1797 839 1836 litore

148 1859 327 1897 Porreaesta
345 1872 501 1912 mergos
515 1861 676 1910 juveris,

94 1922 342 1961 Libidinosus
363 1923 634 1962 immolabitur
653 1938 781 1975 caper,

145 1983 200 2025 Et
217 1999 323 2039 agna
346 1987 649 2039 tempestatibus.

589 2130 605 2154 1

1222 1050 1234 1074 *A

1108 1745 1228 1790 ²02

1026 2119 1102 2170 cA
1109 2101 1160 2158 Rss
