1235 2365
302 145 704 186 SATYRARUM
746 146 840 186 Lm.
871 146 904 184 1.
1087 145 1160 194 183

95 243 156 280 Sic
176 243 242 292 qui
262 245 457 293 promittit
476 246 592 290 cives,
622 246 758 282 urbem
779 244 845 282 fibi
865 256 980 288 curae,

91 305 309 355 Imperium
321 306 419 352 fore,
436 317 473 345 et
487 307 706 352 Itali<1m,et
720 306 882 345 delubra
894 306 1093 350 Deorum3
1109 315 1128 354 3
1135 316 1157 354 5

89 368 184 422 Qo
197 378 306 418 patre
318 369 363 406 fit
379 379 506 414 natus,
526 383 623 407 num
636 370 771 421 ignota
784 377 909 406 matre
924 368 1158 412 inhonestus,

89 431 238 469 Omnes
258 431 443 469 mortales
465 445 601 470 curare
621 442 660 469 et
679 445 850 480 quaerere
872 432 990 482 cogit.

89 491 205 531 Tune
228 494 326 542 Syri,
356 494 514 539 Damae,
543 503 612 531 aut
630 494 797 541 Dionysi
819 493 935 536 filius,
965 492 1085 530 audes

86 556 267 607 Dejicere
287 570 308 594 e
326 557 415 594 saxo
435 557 550 601 cives,
579 566 648 594 aut
667 557 822 594 tradere
841 556 995 593 Cadmo
1012 557 1026 592 ?

88 620 149 658 At
168 619 319 657 Novius
339 619 492 671 collega
511 619 638 670 gradu
660 619 740 667 post
761 632 823 656 me
842 619 947 656 sedet
969 631 1047 655 uno
1065 633 1074 655 ε
1105 631 1156 666 40

86 682 270 732 Namque
285 682 335 721 est
349 682 425 726 iile,
447 692 558 731 pater
572 682 680 730 quod
696 673 779 719 erat
795 695 918 719 meus.
976 681 1067 719 Hoc
1088 682 1158 719 tibi

246 745 405 789 Paulus,

28 811 29 814 ’
85 809 142 847 Et
160 808 320 847 Messala
341 809 508 846 videris?
535 807 596 845 At
615 808 692 853 hic,
722 807 747 844 sl
769 807 937 857 plaustra
957 809 1139 854 ducenta,

84 871 411 920 Concurrantque
430 871 518 908 foro
538 872 613 908 tria
631 871 782 916 funera,
812 885 959 923 magna
978 873 1141 918 sonabit,

81 934 242 973 Cornua
271 936 379 982 quod
399 935 607 982 vincatque
624 935 761 971 tubas:
792 934 926 973 saltem
949 945 1050 973 tenet
1069 936 1153 974 «hoc

243 1012 329 1036 nos,

84 1062 198 1100 Nunc
219 1063 269 1099 ad
289 1075 352 1099 me
371 1063 487 1100 redeo
506 1062 686 1100 libertino
706 1072 814 1112 patre
835 1072 988 1108 natum,
1100 1075 1148 1113 ,45

82 1127 216 1178 Qlem
235 1125 382 1162 rodunt
402 1138 535 1162 omnes
556 1125 736 1162 libertino
756 1135 865 1174 patre
885 1135 1037 1162 natum.

83 1189 212 1232 Nunc,
234 1188 340 1236 quia,
360 1187 567 1232 Maecenas‚
587 1189 656 1225 tibi
671 1187 739 1224 sim
754 1188 969 1233 convifiom
991 1198 1029 1225 at
1043 1187 1152 1232 olim,

81 1253 176 1305 Qo
196 1251 291 1288 mihi
311 1261 463 1299 pareret
482 1251 586 1303 legio
608 1252 788 1288 Romana
809 1252 977 1287 tribuno.

80 1313 272 1352 Dissimile
290 1313 365 1350 hoc
386 1313 441 1350 iili
462 1313 511 1350 est
528 1329 536 1350 :
560 1313 652 1362 quia
669 1327 759 1358 non,
780 1324 823 1352 ut
839 1313 948 1350 forsit
962 1313 1152 1351 honorem

77 1376 171 1424 Jure
191 1375 286 1413 mihi
311 1376 483 1413 invideat
503 1376 643 1423 quivis,
658 1377 711 1413 ita
730 1386 767 1413 te
791 1389 947 1425 quoque
961 1377 1151 1420 amicum}

77 1437 293 1475 Praesertim
307 1446 471 1476 cautum
490 1438 630 1490 dignos
651 1437 850 1483 assumere,
880 1452 1002 1488 prava
1097 1452 1118 1489 5
1132 1433 1154 1475 1¹

77 1502 311 1540 Ambitione
331 1501 480 1550 procul.
539 1502 708 1540 Felicem
730 1503 858 1541 dicere
877 1516 955 1540 non
974 1503 1048 1539 hoc

76 1564 144 1602 Me
164 1563 327 1613 poffum5
357 1565 444 1601 casu
464 1565 570 1612 quod
593 1574 627 1602 te
647 1566 802 1603 sortitus
824 1567 999 1604 amicum
1019 1580 1028 1603 :

79 1626 203 1666 Nulla
221 1626 364 1664 etenim
384 1626 452 1663 tibi
473 1640 535 1663 me
554 1626 635 1664 fors
651 1628 805 1666 obtulit.
855 1629 1040 1679 Optimus
1057 1628 1150 1667 olim

78 1689 280 1741 Virgilius,
302 1688 383 1737 post
399 1689 501 1726 hunc
518 1690 673 1735 Varius,
696 1691 824 1729 dixere
844 1692 940 1740 quid
961 1690 1085 1729 effem.
1100 1705 1150 1744 55

78 1753 135 1790 Ut
154 1753 242 1790 veni
261 1765 410 1796 coram,
440 1751 640 1804 singultim
661 1767 786 1802 pauca
804 1754 975 1799 locutus,

73 1814 226 1860 (infans
249 1827 420 1863 namque
442 1816 570 1863 pudor
589 1816 818 1864 prohibebat
838 1817 953 1866 plura
972 1817 1149 1867 profari),

76 1878 168 1916 Non
187 1890 262 1929 ego
281 1890 344 1914 me
365 1877 471 1914 claro
491 1887 628 1915 natum
651 1890 774 1928 patre,
803 1893 882 1917 non
903 1893 975 1932 ego
996 1881 1145 1918 circum

76 1941 143 1979 Me
165 1940 394 1978 Satureiano
414 1941 555 1978 veel-ari
571 1955 663 1980 rura
684 1942 849 1987 caballo,
1097 1957 1147 1994 59

78 2003 169 2049 Sed,
195 2003 303 2051 quod
327 2017 448 2049 eram,
479 2018 608 2044 narrO.
665 2006 887 2057 Respondes
908 2008 967 2053 (ut
988 2018 1078 2046 tuus
1099 2007 1151 2046 est

244 2072 350 2115 mos)

584 2132 651 2185 Q
658 2143 676 2169 z
1001 2135 1144 2173 Pauca.
