1235 2365
262 129 663 171 CARMINUM
702 131 805 170 Lm.
836 130 871 169 1.
1079 138 1105 178 7

31 231 137 271 Vitae
169 229 323 268 summa
357 230 484 266 brevis
518 229 624 279 spem
660 244 731 269 nos
778 238 886 267 vetat
917 226 1103 266 inchoare

194 293 371 344 longam.

90 359 179 408 Jam
195 366 232 394 te
247 365 397 406 premet
416 369 505 400 nox,
526 354 743 405 fabulaeque
764 355 917 400 Manes,
1058 355 1106 392 16

37 422 91 461 Et
111 423 251 459 domus
272 419 377 457 exilis
400 419 606 456 Plutonia.
637 432 717 467 quo
737 418 850 456 simul
870 418 1024 464 meairis,

91 485 173 523 Nec
193 496 316 536 regna
330 483 409 520 vini
428 482 583 519 sortiere
604 482 706 526 ῑιΙὶε,

37 549 121 588 Nec
151 559 330 587 tenerum
349 547 545 597 Lycidam
571 545 776 590 mirabere,
810 557 889 593 quo
918 542 1019 582 caIet
1045 543 1107 601 ju-

201 620 340 648 ventus

94 674 209 713 Nune
230 673 372 717 omnis,
401 680 440 709 et
459 684 551 709 mox
571 670 740 724 virgines
755 672 956 721 tepebunt.

359 861 701 903 CARMEN
742 861 799 902 V.

337 973 414 1013 An
443 973 813 1013 PYRRHAM.

165 1072 257 1112 UIS
287 1072 415 1110 multa
435 1072 590 1124 gracilis
612 1081 648 1111 te
664 1086 760 1122 puer
780 1073 818 1111 in
836 1072 924 1112 rosa

193 1135 372 1174 Perfusus
391 1136 548 1184 liquidis
564 1146 679 1189 urget
699 1138 885 1176 odoribus

154 1200 297 1243 Grato,
327 1199 491 1248 Pyrrha,
521 1201 589 1238 sub
616 1202 757 1239 antro?

204 1263 279 1301 Cui
305 1263 448 1301 flavam
468 1263 609 1316 religas
631 1278 803 1309 comam,

49 1326 218 1377 Simplex
238 1328 439 1365 munditiis
459 1329 471 1365 ?
500 1328 594 1366 Heu
616 1330 624 1366 Ξ
658 1330 809 1377 quoties
826 1327 961 1376 fidem,
1086 1337 1114 1381 ς

47 1392 300 1440 Mutatosque
322 1391 431 1430 Deos
453 1391 572 1437 flebit,
602 1401 641 1430 et
659 1393 792 1442 aspera

154 1457 287 1508 Nigris
308 1469 460 1504 aequora
478 1457 604 1494 ventis

211 1520 456 1558 Emirabitur
470 1519 648 1564 insolens,

50 1583 133 1638 Qi
151 1596 254 1620 nunc
275 1592 312 1621 te
331 1581 476 1621 fruitur
497 1582 678 1621 credulus
699 1596 817 1621 aurea
834 1586 843 1621 !

50 1648 133 1702 Qi
151 1648 300 1697 semper
318 1659 500 1691 vacuam,
527 1646 676 1695 semper
695 1646 908 1686 amabilem
1072 1657 1122 1686 10

161 1711 314 1762 Sperat,
341 1710 487 1748 nescius
507 1723 608 1747 aurae

214 1775 406 1814 Fallacis!
440 1773 583 1819 Miseri,
614 1773 758 1823 quibus

57 1839 256 1878 Intentata
269 1838 380 1877 nites.
437 1836 504 1875 Me
519 1836 655 1874 tabula
667 1837 773 1875 sacer

41 1903 200 1942 -Votiva
218 1903 342 1952 paries
361 1901 508 1939 indicat
527 1899 648 1938 uvida

165 1964 399 2015 Suspendisse
414 1964 563 2014 potenti
1076 1975 1125 2017 15

217 2028 458 2069 vestimenta
473 2027 592 2068 maris
609 2027 714 2068 Deo.

987 2089 1127 2131 CAR„
