1235 2365
121 137 170 164 10
446 115 936 178 QHORATH’J

113 223 208 275 Qo
227 235 297 260 nos
313 235 466 272 cunque
485 221 583 261 feret
602 220 740 260 melior
751 220 911 260 fortuna
928 227 1101 269 parente,
1135 230 1183 271 25·
1218 215 1235 237 '¹

176 287 340 330 Ibimus,
370 288 393 324 ὃ
413 287 516 331 socii,
547 285 809 335 comitesque:

121 350 187 389 Nil
199 350 494 399 desperandum,
509 349 665 387 Teucro
678 349 790 395 duce,
804 359 841 388 et
854 347 1119 398 auspiceTeuc

177 415 318 452 Certus
339 415 441 453 enim
463 414 638 463 promisit
657 413 810 463 Apollo

123 477 374 530 Ambiguam
394 478 532 516 tellure
551 491 654 516 nova
675 477 872 516 salamina
889 476 1080 516 futuram.

121 581 126 583 λ
179 541 216 579 O
236 541 371 586 fortes,
399 543 608 592 pejoraque
635 541 724 591 paffi

125 603 287 643 Mecum
303 605 394 654 saepe
417 605 501 650 viri,
528 620 632 643 nunc
653 608 742 643 vino
763 606 894 655 pellite
915 618 1028 646 curas
1044 621 1072 662 ;s

179 669 278 709 Cras
298 670 435 722 ingens
455 670 681 709 iterabimus
697 682 841 719 aequor.

388 853 736 896 CARMEN
783 854 918 895 vm..

450 986 525 1025 An
565 986 875 1027 LYDIAM.

236 1085 361 1130 YmA,
393 1085 468 1131 dic,
498 1099 566 1136 per
587 1099 721 1124 omnes

265 1151 325 1188 Te
346 1151 453 1189 Deos
470 1165 552 1198 oro,
570 1153 736 1203 Sybarin
750 1166 820 1192 cur
833 1164 1015 1204 properes
1028 1152 1216 1193 amando·-

133 1215 328 1253 Perdme?
356 1229 425 1252 cur
445 1216 623 1264 apricum

189 1279 329 1317 Oderit
349 1293 381 1318 c
372 1292 549 1329 tmpum,
578 1279 727 1329 patiens
748 1278 917 1329 pulveris
937 1287 1056 1328 atque
1087 1278 1203 1319 solis?

113 1337 218 1404 'Cur
238 1357 364 1394 neque
383 1344 562 1383 militaris
1175 1353 1200 1394 5

192 1407 300 1446 Inter
320 1407 486 1458 aequales
508 1408 672 1458 equitat,
701 1407 860 1447 Gallica
877 1420 948 1447 nec
967 1405 1112 1457 lupatis

136 1470 354 1521 Temperat
372 1485 440 1510 ora
458 1471 584 1511 fraenis
603 1473 616 1511 ?

192 1536 274 1575 Cur
287 1537 399 1575 timet
412 1537 559 1576 flavum
572 1537 749 1576 Tiberim
761 1536 946 1590 tangere?
973 1547 1041 1573 cur
1055 1532 1224 1574 olivum-

139 1600 338 1653 Sanguine
358 1601 533 1650 viperino

193 1664 357 1702 Cautius
370 1665 489 1702 vitat?
508 1660 632 1713 neque
642 1666 727 1717 jam
739 1664 861 1703 livida
873 1664 995 1718 gestat
1003 1663 1125 1702 armis
1158 1675 1225 1703 ιο-

142 1727 325 1773 Brachia,
351 1728 445 1778 saepe
463 1729 578 1773 diseo,

198 1794 302 1841 Saepe
323 1802 427 1830 trans
449 1792 565 1830 finem
582 1792 714 1844 jaculo
733 1791 871 1830 nobilis
893 1792 1101 1843 expedito?
1119 1806 1121 1808 ·

142 1857 254 1910 Qid
274 1856 383 1902 latet,
413 1867 456 1894 ut
476 1858 632 1895 marinae

199 1920 342 1958 Filium
361 1921 495 1958 dicunt
516 1920 694 1959 Thetidis
715 1920 783 1959 sub
803 1919 1020 1971 lacrymosa
1039 1919 1168 1972 Trojc'e

145 1983 300 2022 Funera
317 2001 327 2031 ;
356 1999 402 2023 ne
423 1985 541 2023 virilis
1163 1995 1209 2034 15

207 2048 348 2090 Cultus
364 2051 402 2089 in
415 2051 559 2090 caedem
574 2059 610 2090 et
625 2049 766 2100 Lycias
782 2048 997 2100 proriperet
1014 2047 1210 2086 catervas?

1077 2121 1212 2162 CAR.
1229 2149 1231 2152 Α
