1235 2365
121 160 176 198 24
443 149 510 202 Q
545 148 882 190 HORATII

393 329 428 370 C
448 330 493 370 A
513 331 554 371 R
577 331 626 370 M
646 331 679 372 E
699 331 744 372 N
801 332 918 374 XXI.

256 443 304 483 ΙΝ
334 445 578 485 DIANAM
608 461 660 485 Ετ
689 448 1049 489 APOLLINEM.

237 544 377 581 IANAM
400 554 540 583 tenerae
561 547 676 585 dicite
695 547 865 599 virgines
883 562 893 584 :

265 609 480 654 Intonsum‚
509 611 633 659 pueri,
661 611 778 649 dicite
797 610 1029 661 Cynthium,

172 671 449 720 Latonamque
469 673 649 721 supremo

282 735 477 773 Dileciam
497 737 648 785 penitus
669 737 771 784 Jovi.

121 799 202 836 Vos
221 798 353 836 laetam
374 798 513 843 fluviis,
544 808 581 837 et
600 812 808 837 nemorum
829 812 958 845 coma,
1162 813 1185 853 5
1234 808 1235 850 }

120 865 351 918 Qecunque
371 872 438 900 aut
457 862 588 913 gelido
606 863 803 912 prominet
820 862 989 914 Algido,

174 927 308 978 Nigris
328 935 396 963 aut
417 924 640 963 Erimanthi

231 990 356 1034 Silvis,
385 999 453 1028 aut
471 989 604 1026 viridis
625 987 744 1040 Cragi
758 1001 770 1024 ι

120 1056 201 1093 Vos
222 1053 374 1104 Tempe
394 1053 559 1091 totidem
579 1051 703 1090 tollite
721 1050 918 1096 laudibus,

119 1118 396 1165 Natalemque,
423 1130 565 1161 mareS,
593 1115 727 1154 Delon
744 1114 959 1165 Apollinis,
1138 1128 1186 1156 ιο

175 1181 449 1232 Infignemque
468 1180 651 1228 pharetra

229 1244 493 1290 Fraternaque
512 1241 723 1279 humerum
742 1240 842 1290 lyra.

119 1294 201 1346 Hic
221 1305 367 1343 bellum
387 1304 663 1353 lacrymosum,
691 1304 753 1341 hic
773 1303 953 1342 miseram
973 1301 1122 1342 famem

121 1370 362 1417 Pestemque‚
392 1381 415 1404 a
433 1366 580 1416 populo
599 1377 637 1405 et
655 1367 828 1418 principe
847 1367 1012 1414 Caesare,
1039 1367 1079 1406 in

177 1434 307 1472 Persas
328 1442 445 1481 atque
467 1431 675 1468 Britannos
1137 1442 1153 1468 1
1159 1441 1184 1483 ς

228 1496 365 1537 Vestra
382 1504 512 1534 motus
533 1503 623 1547 aget
643 1507 768 1544 prece.

383 1645 730 1691 CARMEN
787 1644 926 1686 XXIL

225 1767 297 1804 An
352 1763 728 1803 ARISTIUM
774 1757 1076 1801 FUSCUM.

180 1864 359 1903 NTEGER
378 1864 482 1907 vitan
511 1862 736 1910 scelerisque
756 1873 876 1911 purus

207 1932 296 1970 Non
317 1940 403 1983 eget
423 1930 573 1968 Mauris
589 1927 742 1979 jaculis,
770 1938 896 1977 neque
915 1937 1023 1972 aren,

117 1998 199 2038 Nec
221 1995 414 2034 venenati<
437 1993 602 2045 gravida
618 1992 782 2045 sagittis,

226 2059 358 2107 Fusce,
387 2057 569 2108 pharetra
585 2071 596 2103 3
1097 2101 1184 2142 Sive
