1235 2365
175 236 267 312 Q
311 237 658 291 HORATII
723 237 1012 292 FLAccr

70 397 204 459 DE
286 401 572 464 ARTE
656 396 1122 464 POETICA*

380 581 787 628 LIBER,

340 915 423 974 Ani
471 915 502 954 P
523 916 542 954 Ι
564 915 589 954 S
612 914 647 954 O
669 916 707 954 N
727 915 761 954 E
784 914 823 954 S.

0 987 2 1043 i
161 1010 380 1052 vUMANO
401 1014 518 1064 capiti
538 1015 730 1053 cervicem
750 1014 872 1063 piftor
892 1011 1078 1062 equinam

193 1076 364 1128 Jungere
382 1076 409 1114 fi
429 1076 535 1121 velit,
556 1086 594 1115 et
613 1077 739 1115 varias
760 1075 942 1114 inducere
962 1075 1117 1125 plumas

49 1138 237 1187 Undique
256 1138 406 1179 collatis
426 1140 628 1184 membris,
655 1149 699 1177 ut
719 1139 885 1189 turpiter
905 1149 1037 1177 atrum

47 1201 211 1239 Definat
230 1202 269 1240 in
288 1202 431 1251 piscem
450 1202 591 1240 mulier
609 1202 780 1240 formosa
798 1202 960 1251 superne
975 1217 986 1248 3

49 1265 272 1314 Spee‘tatum
292 1264 440 1303 admiffi
460 1265 579 1304 risum
598 1266 760 1304 teneatis
781 1265 896 1303 amici
913 1266 926 1302 ἓ
1093 1276 1117 1317 5

47 1328 220 1372 Credite,
249 1328 417 1374 Pisones,
445 1329 502 1367 isti
521 1328 662 1367 tabule
681 1328 765 1367 fore
784 1329 930 1368 librum

16 1411 20 1422 ι
45 1390 300 1438 Perfimilem,
329 1394 453 1444 cujus,
481 1392 590 1430 velut
608 1393 703 1446 aegri
720 1393 884 1437 somnia,
915 1404 1026 1430 vanae

46 1454 264 1506 Fingentur
281 1456 422 1505 species
437 1471 448 1502 ;
477 1466 521 1493 ut
539 1468 609 1494 nee
628 1469 710 1505 peS,
739 1468 808 1493 nec
829 1464 948 1505 caput
966 1454 1033 1493 uni

47 1516 255 1556 Reddatur
272 1517 424 1558 formae.
482 1518 695 1557 Pie'coribus
714 1528 833 1567 atque
853 1519 978 1567 potitis

44 1580 251 1634 Qidlibet
269 1582 439 1620 audendi
457 1583 606 1631 semper
625 1581 700 1619 fuit
721 1594 833 1629 aequa
851 1581 1032 1630 potestas.
1069 1593 1117 1619 10
1137 1612 1139 1615 .

46 1644 214 1690 Scimus,
255 1654 294 1682 et
321 1644 420 1683 hanc
449 1646 605 1684 veniam
633 1643 876 1694 petimusque
905 1643 1119 1693 damusque

205 1707 390 1747 viciffim:

46 1770 123 1809 Sed
142 1783 221 1809 non
239 1780 285 1809 ut
302 1771 465 1821 placidis
485 1772 624 1809 coe'ant
643 1771 811 1810 immitia
827 1787 838 1817 ;
869 1785 946 1810 non
958 1781 1012 1810 ut

47 1836 250 1883 Serpentes
270 1835 407 1872 avibus
422 1836 687 1887 geminentur,
717 1836 883 1888 tigribus
904 1836 1011 1888 agni.

46 1897 217 1947 Inceptis
236 1899 422 1950 gravibus
441 1898 674 1948 plerumque
696 1909 734 1938 et
749 1913 896 1952 magna
914 1897 1101 1949 profeffis,

46 1960 286 2010 Purpureus,
313 1961 391 2000 late
411 1963 479 2011 qui
498 1962 711 2012 splendeat,
738 1976 839 2001 unus
859 1972 897 2001 et
917 1961 1015 2000 alter
1074 1972 1121 2012 15

46 2022 225 2064 Affuitur
242 2038 393 2075 pannus
409 2041 420 2072 ;
450 2039 542 2064 cum
560 2025 687 2072 lucus,
708 2035 745 2064 et
766 2040 834 2064 ara
852 2026 1012 2071 Dianae,

48 2086 103 2128 Et
121 2090 365 2141 properantis
385 2103 492 2141 aquae
512 2103 581 2143 per
600 2081 776 2132 amoenos>
793 2091 963 2131 ambitus
988 2101 1121 2143 agros,

1032 2150 1123 2193 Aut
