1235 2365
318 121 612 163 EPODON
659 123 897 163 LIBER.
1076 136 1150 178 153.

77 221 229 261 Levare
244 230 351 260 tenta
370 222 505 273 spiritu
521 223 749 273 praecordia.

71 283 188 338 'Ergo
207 295 396 338 negatum
417 287 551 324 vincor
570 296 616 324 ut
635 288 794 325 credam
812 287 939 334 miser,

75 348 232 386 Sabella
249 351 378 399 pestus
394 349 592 398 increpare
606 351 794 396 carmina,

75 410 282 461 Caputque
303 411 433 448 Marsa
446 410 599 449 diffilire
619 412 757 450 naenia.

76 474 188 528 Qid
207 473 374 523 amplius
394 474 450 511 vis
469 474 481 512 ?
510 473 546 510 O
567 476 697 511 mare!
730 476 754 512 ὀ
775 477 904 512 terra!
938 474 1069 520 ardeo,
1100 486 1150 526 30

74 537 282 591 Qantum
302 549 427 585 neque
448 546 533 574 atro
555 535 749 575 delibutus
770 536 964 576 Hercules

73 599 174 638 Neffi
195 613 347 646 cruore,
379 614 450 638 nec
475 601 613 639 Sicana
631 599 783 638 fervida

74 663 221 702 Furens
242 664 279 700 in
296 663 421 701 AEtna
442 663 616 702 flamma.
675 663 755 709 Tu,
785 664 906 704 donec
930 663 1024 702 cinis

74 726 270 777 Injuriofis
291 727 421 764 aridus
440 728 564 765 ventis
583 726 700 771 ferar,

70 789 187 828 Cales
206 791 363 827 venenis
379 790 534 828 officina
554 791 764 829 Colchicis.
1093 800 1140 840 35

73 854 177 907 Qiae
199 852 283 890 finis
302 854 314 891 ?
342 862 410 890 aut
429 854 537 901 quod
557 867 620 891 me
640 864 773 891 manet
794 853 1024 902 stipendium
1041 852 1054 891 ἓ
1092 886 1095 887 ⁷

76 917 213 955 Effare
237 931 246 954 :
272 915 388 968 jussas
410 931 502 955 cum
524 918 600 955 fide
620 931 754 967 poenas
775 918 911 964 luam3

79 981 245 1020 Paratus
266 982 436 1031 expiare,
464 982 528 1020 seu
549 982 767 1032 poposceris

72 1045 246 1084 Centum
260 1047 451 1097 juvencis»,
481 1046 555 1083 five
576 1046 755 1084 mendaci
775 1044 862 1094 lyra

73 1111 193 1149 Voles
213 1111 338 1148 sonari
356 1126 365 1148 :
396 1120 440 1148 tu
459 1109 615 1159 pudica,
644 1119 688 1147 tu
707 1111 831 1159 proba
1101 1118 1154 1156 40

81 1174 378 1214 Perambulabis
399 1174 498 1211 astra
516 1173 618 1211 fidus
638 1186 816 1210 aureum.

75 1237 243 1277 Infamis
264 1237 429 1276 Helenae
449 1237 585 1275 Castor
607 1236 777 1274 offensus·
791 1235 891 1282 vice,

72 1301 288 1351 Fraterque
307 1301 444 1354 magni
464 1300 649 1345 Castoris,
678 1300 765 1338 vieti
778 1313 906 1349 prece,

72 1365 253 1404 Ademta
271 1365 352 1403 vati
372 1363 575 1402 reddidere
588 1362 752 1400 lumina.

73 1428 128 1467 Et
146 1437 205 1473 tu,
234 1423 360 1477 (p'otes
379 1431 490 1476 nam)
507 1425 610 1464 solve
634 1439 696 1463 me
718 1425 928 1471 dementia,
1096 1439 1147 1478 45

74 1492 111 1530 O
131 1505 201 1529 nec
221 1491 392 1541 paternis
413 1489 585 1528 obsoleta
602 1489 795 1536 sordibus,

72 1555 156 1593 Nec
176 1555 215 1592 in
233 1553 444 1604 sepulchris
464 1566 684 1602 pauperum
704 1553 875 1602 prudens
891 1565 988 1592 anus

73 1616 336 1655 Novendi'ales
358 1615 533 1665 diffipare
553 1614 732 1665 pulveres
750 1618 758 1653 Ξ

72 1679 164 1718 Tibi
183 1679 370 1729 hospitale
390 1682 534 1729 peetus,
565 1688 603 1716 et
622 1689 730 1728 purae
750 1691 889 1717 manus
907 1694 918 1726 3

72 1743 259 1792 Tuusque
274 1753 408 1782 venter
427 1743 669 1793 partumeius
687 1758 698 1789 3
729 1752 767 1781 et
787 1753 858 1781 tuo
1099 1756 1148 1796 50

73 1807 224 1845 Cruore
244 1808 383 1845 rubros
403 1807 584 1845 obstetrix
598 1820 746 1856 pannos
766 1806 876 1853 lavit,

76 1872 290 1926 Utcunque
311 1870 423 1911 fortis
445 1870 565 1911 exsilis
582 1884 784 1922 puerpera.
