1235 2365
123 132 202 171 ²40
457 122 526 177 Q
562 119 890 160 HORATII

120 217 349 268 Respondit,
368 217 537 258 referam
553 235 562 258 :
593 219 702 274 Qia
721 233 783 258 me
801 219 963 273 vestigia
983 228 1143 268 terrent,

119 280 267 319 Omnia
279 292 316 319 te
329 283 533 321 adversum
544 284 765 334 speciantia,
779 284 890 321 nulla
902 285 1127 323 retrorsum.
1144 295 1193 336 75
1211 312 1212 319 1
1227 286 1235 324 l

118 344 259 384 Bellua
273 346 491 386 multorum
511 362 550 386 es
570 348 759 398 capitum.
791 347 898 386 Nam
917 347 1016 397 quid
1027 347 1166 397 sequar
1182 348 1195 387 ἒ
1210 345 1213 390 1
1229 350 1235 390 l

279 421 347 449 aut
371 425 488 460 quem
507 413 520 450 ?
1211 405 1212 411 ¹

114 471 208 512 Pars
220 473 426 513 hominum
438 475 551 528 gestit
562 476 780 514 conducere
792 473 951 525 publica
967 488 976 513 :
1007 474 1098 513 sunt
1118 473 1189 524 qui

116 536 264 575 crustis
283 548 320 576 et
340 540 466 588 pomis
486 540 624 577 viduas
643 547 827 577 venenter
849 551 1003 583 avaras,

116 598 401 650 Excipiamque
420 603 537 647 senes,
555 616 652 651 quos
674 603 712 639 in
725 602 874 639 vivaria
892 602 1053 639 mittant
1070 615 1080 639 ς

116 662 254 700 Multis
270 665 425 702 occulto
445 667 577 704 crescit
595 680 655 703 res
675 665 821 703 fenore.
879 665 1031 702 Verum
1137 663 1189 701 80

121 725 228 772 Esto,
249 728 332 765 aliis
352 729 446 766 alios
466 731 580 767 rebus
603 729 808 777 studiisque
828 728 977 765 teneri:

116 788 244 828 Iidem
264 792 400 830 eadem
420 791 571 842 possunt
589 793 728 830 horam
749 792 889 829 durare
908 793 1115 841 probantes
1134 791 1148 829 ?

113 852 256 892 Nullus
276 856 315 893 in
334 858 426 894 orbe
445 857 545 894 finus
568 857 671 894 Baiis
691 856 876 905 praelucet
912 855 1090 899 amoenis,

115 918 153 954 Si
174 918 269 955 dixit
288 918 392 956 dives
410 934 420 964 ;
449 919 556 957 lacus
577 929 614 958 et
633 932 741 957 mare
760 919 872 956 sentit
887 932 1065 958 amorem

114 980 339 1020 Festinantis
360 983 441 1020 heri
459 998 469 1021 z
501 984 562 1021 cui
584 984 609 1020 si
630 983 767 1020 vitiosa
785 983 908 1020 libido
1134 985 1184 1036 85

112 1043 262 1082 Fecerit
281 1046 491 1095 auspicium
508 1062 518 1091 ;
548 1060 633 1084 cras
653 1045 894 1084 ferramenta
914 1044 1098 1085 Teanum

110 1105 290 1152 Tollctis‚
311 1108 424 1146 fabri.
481 1109 623 1146 Lectus
644 1108 805 1162 genialis
826 1109 864 1146 in
885 1107 976 1145 aula
988 1108 1039 1147 est
1057 1110 1070 1147 3

112 1170 180 1208 Nil
199 1172 253 1208 ait
273 1171 341 1210 effe
357 1173 478 1222 prius,
507 1174 645 1211 melius
666 1174 719 1211 nil
740 1173 874 1210 coelibe
889 1173 996 1210 vita:

111 1236 149 1272 Si
170 1249 246 1273 non
267 1237 331 1282 est,
355 1239 463 1288 jurat
482 1239 578 1275 bene
598 1237 684 1275 solis
705 1236 773 1275 esse
793 1236 958 1274 maritis.

107 1298 202 1352 Qo
221 1309 375 1337 teneam
395 1301 527 1339 vultus
548 1311 768 1339 mutantem
791 1301 931 1353 Protea
949 1299 1054 1337 nodo
1071 1299 1086 1337 ?
1129 1311 1183 1351 90

105 1363 217 1416 Quid
236 1366 411 1414 pauper?
442 1365 565 1402 Ride:
598 1364 729 1401 Mutat
749 1362 962 1407 coenacula,
991 1361 1123 1409 lectos,
1214 1363 1215 1366 ’

106 1425 267 1472 Balnea,
296 1428 466 1465 tonsores
486 1443 494 1473 ;
525 1429 720 1465 conducio
740 1426 904 1478 navigio
925 1438 1034 1474 aeque
1214 1387 1216 1478 1

107 1488 276 1528 Nauseat
296 1505 339 1528 ac
360 1491 548 1540 locupleS,
577 1504 693 1541 quem
716 1491 823 1528 ducit
843 1490 954 1540 priva
969 1488 1170 1528 triremis?

109 1552 147 1590 Si
167 1563 326 1591 curatus
347 1553 526 1602 inaequali
544 1553 697 1591 tonsore
717 1552 878 1601 capillos

105 1615 296 1662 Occurro‚
315 1618 417 1655 rides
436 1633 446 1662 3
476 1617 502 1654 si
517 1616 617 1654 forte
638 1615 825 1654 subucula
845 1629 950 1665 pexae
1125 1588 1216 1667 951

101 1678 216 1717 Trita
233 1680 354 1718 subest
370 1681 522 1725 tunicae‚
553 1680 613 1717 vel
635 1681 660 1716 s1
681 1689 775 1731 toga
796 1678 977 1717 diffidet
968 1627 1148 1728 impar‚9
1152 1626 1215 1722 51

1214 1783 1215 1814 1

1214 1825 1216 1866 1

106 1741 153 1779 ΚΞ
146 1743 239 1780 des.
270 1744 396 1796 Qud,
426 1757 514 1781 mea
533 1757 624 1781 cum
644 1752 795 1795 pugnat
813 1743 1002 1780 sententia
1020 1742 1175 1780 secum.
1166 1740 1180 1766 θ
1214 1734 1215 1772 l

97 1806 220 1858 Quod
240 1809 362 1857 petiit,
391 1805 557 1856 spe1n1t
588 1807 726 1856 repetit
747 1806 854 1854 quod
875 1819 998 1854 nuper
1017 1804 1173 1842 omifit·
1162 1820 1174 1852 ;

100 1870 270 1916 AEstuat‚
299 1880 337 1908 et
355 1872 444 1909 vita·
465 1871 703 1908 disconvenit
723 1869 858 1906 ordine
878 1877 987 1906 toto·
977 1897 988 1913 ,

94 1933 244 1977 Dii-uit,
264 1934 443 1978 acdificat,
471 1942 598 1970 mutat
618 1932 813 1980 quadrata
831 1931 1009 1968 rotundis
1028 1931 1041 1969 ?
1097 1942 1172 1969 100

96 1997 266 2035 Insanire
286 2007 403 2047 putas
417 1997 586 2034 solennia
602 2009 678 2040 me,
707 2008 833 2043 neque
853 1995 972 2040 rides,

96 2060 176 2100 Nec
193 2062 333 2101 medici
353 2061 492 2106 credis,
506 2073 574 2098 nec
597 2068 796 2098 curatores
816 2071 932 2112 egere

1007 2121 1051 2162 A
1071 2133 1168 2172 prae-
1214 2119 1216 2213 1
