1235 2365
69 109 119 147 ὅ»
290 86 295 90 ’
374 109 842 164 QHoRA’ru

117 203 237 245 Nodo
257 208 412 246 coerces
433 209 607 259 viperino

173 270 418 309 Bistonidum
438 272 514 310 fine
533 273 673 312 fraude
693 275 829 315 crines.
1085 290 1138 319 20
1202 288 1221 329 ‚'

62 331 144 378 Tu,
173 347 264 371 cum
284 336 453 383 parentis
473 350 594 388 regna
613 351 681 386 per
700 341 870 381 arduum

61 397 214 435 Cohors
234 399 444 451 gigantum
462 400 662 441 scanderet
680 403 814 455 impia,

117 461 311 500 Rhoetum
335 465 515 503 retorfisti
543 466 667 505 leonis

169 527 394 579 Unguibus,
423 529 678 580 horribilique
700 532 820 572 malh.

57 590 319 644 Qanquam,
348 593 498 630 choreis
519 595 649 643 aptior
669 605 707 633 et
721 596 822 647 jocis
1085 612 1134 652 25

60 653 259 702 Ludoque
279 655 416 700 diflus,
446 669 527 694 non
547 657 604 695 sat
624 658 789 698 idoneus

114 717 261 769 Pugnae
281 717 466 756 ferebaris
484 734 495 764 ;
524 720 590 758 sed
610 721 716 760 idem

168 781 279 818 Pacis
299 796 383 819 eras
404 783 632 833 mediusque
652 784 758 823 belli.

60 843 121 881 Te
141 845 240 881 vidit
262 845 387 882 insons
408 847 600 885 Cerberus
622 862 742 887 aureo

58 909 195 946 Cornu
215 909 417 955 decorum,
446 909 583 948 leniter
604 921 774 950 atterens
1084 929 1138 970 30
1157 948 1161 952 .

109 972 291 1012 caudam
309 989 319 1018 3
350 983 386 1011 et
406 975 620 1012 recedentis
639 975 820 1029 trilingui

167 1036 247 1074 Ore
267 1037 384 1088 pedes
404 1037 612 1091 tetigitque
633 1052 766 1078 crura.

344 1221 697 1263 CARMEN
747 1221 845 1265 XX.

275 1342 347 1381 Ao
403 1344 914 1385 MAECENATEM.

180 1429 258 1468 ON
278 1429 430 1474 usitata,
458 1443 528 1467 nec
549 1425 654 1467 tenui
677 1427 781 1467 ferar

206 1491 352 1536 Penna,
381 1491 572 1535 biformis,
601 1504 670 1542 per
687 1491 884 1540 liquidum
903 1491 1059 1540 aethera,

109 1555 230 1595 Vates
249 1570 257 1593 :
288 1568 412 1603 neque
433 1554 471 1591 in
491 1555 602 1591 terris
622 1556 809 1593 morabor

164 1619 370 1671 Longi1153
400 1618 624 1667 invidiaque
647 1620 789 1670 major,

55 1682 184 1720 Urbes
205 1682 438 1730 relinquam.
496 1681 587 1719 Non
607 1695 681 1734 ego
703 1694 924 1731 pauperum
1107 1695 1130 1735 5

56 1745 225 1797 Sanguis
245 1753 466 1794 parentum,
495 1756 573 1781 non
593 1758 682 1796 ego,
712 1757 830 1794 quem
850 1757 965 1783 vocas

110 1809 278 1852 Dilet‘te‚
307 1807 513 1851 Maecenas,
543 1808 686 1853 obib03

163 1872 245 1909 Nec
270 1871 405 1923 Stygia
425 1870 635 1908 cohibebor
655 1871 775 1911 unda.

55 1937 145 1986 Jam
160 1937 244 1986 jam
264 1934 436 1971 residunt
455 1935 631 1972 cruribus
653 1935 791 1983 asperae

56 1998 179 2037 Pelles
196 2014 205 2043 3
236 2008 273 2035 et
292 1997 427 2035 album
446 2007 579 2035 mutor
599 1998 637 2034 in
658 1998 792 2036 alitem
1079 2009 1127 2037 10

113 2064 283 2112 Superne
302 2077 311 2107 ;
339 2060 627 2110 nascunturque
646 2060 750 2099 leves

1054 2124 1128 2163 Per
