1235 2365
212 141 668 184 SATYRARUM
715 143 898 184 L113.11.

47 242 245 283 Deficient
264 245 419 294 inopem
440 258 546 283 venae
566 254 617 289 te,
646 244 684 282 ni
705 244 811 282 cibus
832 253 950 292 atque

47 309 192 361 Ingens
214 309 374 346 accedat
394 308 593 346 stomacho
613 307 761 345 fultura
779 307 920 344 ruenti.

46 370 114 409 Tu
127 370 257 409 cessas».
251 372 262 398 Ρ
273 372 484 423 Agedum3
501 371 607 408 sume
620 371 693 408 hoc
707 369 960 419 ptisanarium
973 383 1044 419 or)
1048 383 1118 407 zae-

48 436 201 489 Quanti
215 445 348 473 emtae.
341 437 352 461 >
373 436 470 472 Parv
463 448 512 473 o.
543 435 694 488 Qanti
709 435 830 516 ergo?
851 433 948 471 Ono
965 433 1114 471 affibus.

207 498 346 536 Eheu.
339 501 345 525 ¹
1042 498 1115 546 156

45 561 156 616 Qid
175 560 307 606 refert,
328 561 481 606 morbo,
502 574 551 598 an
570 559 699 605 furtis,
719 572 925 609 pereamne
946 560 1116 610 rapinis?

44 625 237 680 Qisnam
257 625 378 677 igitur
395 625 536 663 sanus?
589 625 671 678 Qi
700 637 778 662 non
799 623 948 662 stultus.
1005 622 1117 676 Qid

206 701 347 725 avarus
367 688 378 726 ?

47 748 198 789 Stultus
219 760 257 788 et
277 750 441 788 insanus.
501 750 611 804 Qid
628 751 640 788 ?
659 750 685 787 fi
706 750 791 799 quis
807 763 886 787 non
902 748 945 787 fit
961 762 1117 794 αντη-υς,

45 814 244 852 Continuo
263 813 404 852 sanus?
434 813 612 851 Minime.
653 814 748 858 Cur,
770 813 929 851 Stoice?
957 813 1116 851 Dicam.

46 877 138 915 Non
158 876 210 914 est
230 876 435 914 cardiacus
463 877 690 921 (Craterum
710 875 837 914 dixiss‘e
857 882 1013 925 putato)
1045 876 1113 914 161

46 939 127 978 Hic
148 954 264 993 aeger.
299 941 414 978 Reete
430 940 480 979 est
497 941 633 993 igitur,
652 940 861 993 surgetque
877 942 889 979 ?
918 941 1089 993 Negabit
1108 954 1117 978 :

45 1006 168 1059 Qod
188 1005 304 1050 latus,
334 1014 401 1043 aut
420 1018 530 1042 renes
550 1006 691 1042 morbo
711 1013 912 1042 tententur
932 1013 1061 1041 acuto.

44 1068 136 1106 Non
155 1069 206 1107 est
222 1070 413 1119 perjurUS,
433 1081 557 1117 neque
573 1068 761 1105 sordidus.
794 1067 981 1105 Immolet
996 1066 1114 1116 aequis

45 1130 129 1168 Hic
145 1144 310 1180 porcum
319 1132 502 1170 Laribus.
523 1131 673 1168 Verum
687 1131 910 1168 ambitiosus
925 1139 962 1168 et
976 1131 1116 1168 audax.

45 1191 216 1247 Naviget
234 1194 485 1244 Anticyram.
546 1195 657 1249 Qid
690 1195 793 1232 enim
823 1194 968 1240 differt,
1007 1197 1118 1233 bara-

209 1257 351 1296 throne

46 1321 183 1361 Dones
203 1322 397 1370 quidquid
415 1321 549 1368 habes,
570 1335 619 1359 an
638 1334 858 1370 numquam
877 1332 989 1360 utare
1009 1335 1121 1373 para-

207 1389 256 1426 tis
277 1389 289 1425 ?

49 1450 207 1489 Servius
229 1450 424 1501 Oppidius
445 1451 589 1506 Canusi
612 1451 691 1489 duo
711 1451 870 1500 praedia,
901 1450 1008 1489 dives

48 1515 234 1564 Antiquo
255 1516 384 1561 censu,
413 1517 541 1568 gnatis
563 1514 692 1554 diviffe
713 1516 865 1554 duobus

50 1576 204 1623 Fertur,
235 1588 273 1616 et
291 1579 364 1616 hoc
387 1579 555 1617 moriens
575 1580 703 1628 pueris
725 1579 851 1618 dixiffe
871 1579 1019 1618 vocatis
1045 1590 1118 1628 17‘0

46 1642 119 1680 Ad
136 1642 306 1681 leftum:
338 1643 548 1692 Postquam
568 1652 605 1681 te
627 1642 740 1688 talos,
770 1643 893 1688 Aule,
923 1643 1118 1692 nucesque

49 1707 164 1744 Ferre
183 1706 266 1745 finu
283 1706 387 1751 laxo,
417 1704 580 1752 donare,
610 1716 647 1744 et
667 1706 802 1744 ludere
823 1707 901 1744 vidi
919 1722 929 1752 ;

48 1769 123 1815 Te,
151 1770 299 1815 Tiberi,
327 1783 548 1814 numerare,
578 1771 682 1807 cavis
698 1770 930 1808 abscondere
946 1769 1118 1817 tristem3

51 1833 241 1879 Extimui,
269 1847 317 1872 ne
336 1847 405 1872 vos
426 1843 560 1887 ageret
579 1835 732 1872 vesania
752 1835 894 1873 discors
911 1850 922 1881 ;

49 1895 115 1934 Tu
134 1897 443 1943 Nomentanum,
472 1907 516 1936 tu
537 1911 583 1936 ne
602 1898 801 1947 sequerere
822 1899 1017 1941 Cicutam.
1045 1911 1088 1950 17
1094 1911 1116 1950 ς

48 1961 184 2011 Quare
204 1974 272 2010 per
291 1961 417 1999 Divos
437 1971 569 2000 oratus
589 1968 754 2012 uterque
774 1963 952 2008 Penates,

49 2023 116 2061 Tu
135 2037 229 2062 cave
247 2037 295 2062 ne
314 2025 466 2063 minuas
483 2040 493 2070 ;
523 2034 567 2063 tu
585 2039 632 2063 ne
653 2028 779 2077 majus
799 2025 919 2065 facias
941 2027 982 2064 id

49 2086 173 2140 Qiod
191 2086 277 2126 satis
298 2087 366 2126 effe
386 2098 498 2138 putat
517 2098 640 2139 pater,
670 2098 708 2129 et
728 2099 867 2130 natura
887 2092 1053 2129 coercet.

918 2155 1120 2201 Praeterea,
