1235 2365
182 101 716 142 EPISTOLARUM
754 102 891 143 L1131.
1031 116 1109 157 273

36 201 118 247 Me,
147 202 300 250 quoties
321 200 443 240 reficit
463 201 615 254 gelidus
636 200 828 255 Digentia
847 203 969 249 rivus,

35 267 170 319 Qem
191 266 378 304 Mandela
396 267 508 312 bibit,
527 268 689 319 rugosus
708 266 856 320 frigore
875 281 1015 321 pagus,
1037 279 1110 319 105

35 330 148 386 Qid
165 329 303 370 sentire
322 339 436 382 putas
453 330 466 368 ?
493 330 590 379 quid
608 331 746 376 credis,
776 332 913 376 amice,
934 332 1113 382 precari?

39 393 97 432 Sit
110 393 334 444 mihi,quod
345 394 527 440 nuncest;
541 394 659 433 etiam
667 394 814 432 minus:
830 393 1111 433 etmihivivam

36 458 161 512 Qod
177 458 343 508 superest
363 460 448 504 aevi,
477 459 504 497 fi
524 459 620 508 quid
640 455 823 506 supereffe
842 456 982 494 volunt
1001 458 1081 496 Di:

39 522 97 560 Sit
114 523 217 560 bona
235 521 427 561 librorum
447 531 485 561 et
503 522 663 572 provisae
682 521 808 574 frugis
828 522 867 559 in
887 535 1035 560 annum

0 607 2 610 ·
37 584 190 634 Copia:
220 598 268 623 ne
287 584 437 623 fluitem
458 586 585 623 dubiae
604 585 667 634 spe
683 584 876 635 pendulus
891 585 1010 622 horae.
1038 597 1112 623 110

0 659 2 684 z
38 648 116 686 Sed
134 647 222 685 satis
242 647 294 686 est
312 662 424 686 orare
444 649 598 698 Jovem,
619 660 707 696 quae,
727 647 848 685 donat
868 657 906 684 et
926 646 1080 685 aufert:

38 709 121 749 Det
141 710 279 756 vitam,
309 711 375 748 det
399 724 490 761 opes
508 725 518 749 ε
554 724 713 760 aequum
742 712 796 749 mi
827 710 1004 749 animum
1034 709 1112 760 ipse

202 775 362 824 parabo.

277 959 696 1001 EPISTOLA
755 959 873 1000 XIX.

256 1072 328 1111 An
384 1071 889 1112 MAECENATEM.

141 1170 269 1208 R1sco
290 1170 315 1208 fi
336 1172 475 1217 credis,
506 1171 699 1209 Maecenas
721 1171 844 1215 doste,
876 1170 1054 1217 Cratirm,

135 1234 254 1273 Nulla
268 1234 418 1284 placere
433 1235 515 1280 diu,
528 1249 598 1272 nec
612 1235 742 1273 vivere
756 1235 930 1273 carmina
946 1234 1113 1283 poss'untq,

40 1299 141 1353 Qae
159 1299 381 1337 scribuntur
400 1312 509 1347 aquae
530 1299 745 1348 potoribus.
804 1299 861 1336 Ut
881 1298 984 1336 male
1004 1299 1114 1336 sanos

41 1361 260 1412 Adscripfit
282 1362 402 1399 Liber
424 1362 572 1411 Satyris
595 1362 812 1409 Faunisque
832 1362 983 1410 poetas,

41 1425 145 1472 Vina
159 1424 239 1463 fere
259 1424 391 1463 dulces
412 1424 596 1463 oluerunt
616 1439 733 1463 mane
754 1426 964 1463 Camoenae.
1093 1437 1115 1477 5

44 1488 251 1528 Laudibus
271 1489 452 1541 arguitur
470 1489 549 1526 vini
571 1490 722 1527 vinosus
743 1488 947 1535 querus
966 1504 977 1526 ε

44 1552 195 1591 Ennius
216 1553 292 1602 ipse
311 1561 422 1602 pater
441 1566 660 1601 nunquam,
689 1552 756 1589 nifi
777 1561 907 1601 potuS‚
935 1552 985 1588 ad
1007 1564 1118 1589 arma

43 1616 227 1655 'Prosiluit
242 1616 418 1654 dicenda.
478 1616 640 1662 Forum,
669 1616 880 1665 putealque
900 1615 1065 1653 Libonis

42 1679 245 1719 Mandabo
265 1680 371 1717 ssecis
390 1695 399 1717 ι
430 1680 604 1718 adimam
625 1689 781 1718 cantare
801 1680 954 1718 severis.

44 1742 137 1781 Hoc
158 1742 272 1782 fimul
291 1743 407 1789 edixi,
436 1756 515 1780 non
535 1741 723 1780 cessavere
743 1745 879 1792 poe'tae
1071 1754 1120 1782 10
1147 1765 1150 1768 >

44 1806 246 1845 Noenu-no
267 1816 415 1845 certare
435 1820 559 1853 mero,
588 1816 724 1857 putere
746 1808 900 1846 diurno.

45 1870 184 1924 Qid?
211 1870 238 1907 fi
258 1871 345 1919 quis
363 1870 477 1909 vultu
496 1880 611 1909 torvo
631 1869 750 1916 ferm,
780 1880 818 1909 et
836 1871 934 1920 pede
954 1870 1097 1918 nudo,-

44 1933 289 1984 Exiguaeque
310 1942 414 1986 togae
433 1933 590 1973 fimulet
609 1943 758 1973 textore
780 1935 989 1980 Catonem,

46 1996 297 2034 Virtutemne
318 1997 559 2046 repraesentet
580 1998 784 2046 moresque
804 1998 966 2036 Catonis
985 2000 1011 2036 ?-

48 2058 172 2111 Rupit
193 2059 436 2113 Hyarbitam
456 2061 687 2115 Timagenis
707 2061 848 2101 aemula
866 2061 1017 2115 lingua,
1074 2073 1130 2111 15·-

1009 2125 1123 2168 Dum
