1235 2365
213 109 759 152 EPISTOLARUM
801 111 961 150 L1n.1.
1049 123 1122 164 253

48 209 191 250 Sulcos
212 219 250 248 et
271 211 404 248 vineta
423 221 555 261 crepat
575 224 684 250 mera
701 226 711 257 ς
741 220 932 260 praeparat
950 209 1078 249 ulmos
1097 225 1108 255 ;

0 265 1 306 Ῐ
47 275 283 314 Immoritur
302 276 448 320 studiis,
479 285 516 314 et
536 288 670 313 amore
689 275 847 313 senescit
867 274 1049 313 habendi.
1071 275 1121 323 85

45 339 198 377 Verum
217 339 284 377 ubi
305 352 397 377 oves
418 338 540 384 furto,
570 339 710 377 morbo
728 338 876 386 periere
897 337 1058 386 capellae
1076 353 1088 382 3

48 402 167 451 Spem
187 401 351 439 mentita
371 402 492 454 scgeS‚
521 402 591 439 bos
612 401 663 439 est
683 403 836 438 enesstus
856 401 1009 438 arando
1028 415 1040 446 ;

46 463 227 509 Offensus
247 464 416 509 damnis,
453 464 585 503 media
604 464 651 501 de
670 467 779 502 noete
799 463 997 502 caballum

46 529 216 580 Arripit,
245 529 440 578 iratusque
462 529 633 578 Philippi
653 530 780 567 tendit
801 530 851 568 ad
872 530 987 568 aedes.

45 595 182 649 Qem
197 593 311 631 fimul
325 592 470 642 aspexit
486 592 666 631 scabrum
687 593 963 644 intonsumque
985 592 1129 645 Philip-

207 672 296 709 pus,
1073 671 1127 710 90

51 723 204 768 Durus,
234 723 302 767 ait,
331 721 478 767 Vultei,
508 721 623 760 nimis
644 723 894 771 attentusque
914 723 1057 761 videris

48 787 134 825 Esse
149 787 256 824 mihi.
315 785 400 830 Pol,
429 799 492 823 me
513 786 711 831 miserum,
741 796 920 835 patrone,
949 800 1124 832 vocareS,

49 850 90 887 Si
112 849 244 895 velles,
276 849 417 897 inquit,
446 863 586 887 verum
606 850 702 887 mihi
723 863 869 898 ponere
887 863 1044 890 nomen.

45 914 171 968 Qod
204 922 242 951 te
275 927 343 962 per
379 914 567 958 Genium,
615 913 887 962 dextramque,
935 913 1121 963 Deosque

212 986 371 1025 penates

44 1039 234 1084 Obsecro,
264 1048 302 1077 et
321 1039 502 1084 obtestor,
532 1039 622 1077 vitae
643 1052 705 1077 me
725 1039 844 1076 redde
863 1039 996 1088 priori.
1074 1053 1122 1090 95

49 1104 134 1158 Qi
155 1102 272 1140 semel
292 1102 449 1152 aspexit,
480 1112 673 1150 quantum
694 1102 843 1140 dimissa
862 1104 990 1152 petitis

48 1166 248 1211 Praestant‚
277 1175 430 1203 mature
450 1165 597 1209 redeat,
625 1174 854 1214 repetatque
872 1166 1015 1203 relifta.

48 1229 183 1268 Metiri
195 1231 230 1269 se
249 1243 446 1279 quemque
459 1229 525 1268 suo
542 1228 709 1267 modulo
724 1243 768 1267 ac
782 1231 894 1279 pede,
909 1244 1047 1269 verum
1064 1231 1125 1269 est.

291 1421 643 1463 EPISTOL
669 1423 710 1461 A
769 1422 887 1463 VIII.

174 1537 243 1574 An
286 1534 523 1574 CELSUM
563 1534 1020 1575 ALBINOVANUM.

156 1634 268 1687 ELso
283 1635 509 1686 gandere,et
520 1637 614 1672 bene
627 1646 709 1670 rem
723 1635 1129 1688 gerereAlbinovano,

169 1696 281 1734 Musa
295 1706 436 1748 rogata
453 1695 568 1740 refer,
584 1696 719 1732 comiti
730 1696 938 1744 scribteque
949 1696 1129 1735 Neronis.

52 1759 93 1796 Si
122 1769 284 1808 qureret,
319 1760 415 1808 quid
443 1772 586 1810 agam:
624 1759 700 1803 dic,
741 1758 868 1797 multa
897 1769 935 1797 et
964 1759 1129 1809 pulchra

215 1824 449 1867 minantem,

52 1884 194 1922 Vivere
215 1899 284 1922 nec
304 1888 418 1930 reete,
437 1899 508 1923 nec
528 1885 721 1924 suaviter:
743 1885 850 1923 haud
867 1887 959 1935 quia
978 1887 1130 1939 grando

53 1949 288 1987 Contuderit
308 1951 419 1995 vites,
448 1950 626 1988 oleamve
647 1951 908 1988 momorderit
930 1951 1038 1989 aestus
1057 1967 1067 1997 ;
1106 1964 1129 2002 5

53 2012 136 2051 Nec
157 2013 249 2062 quia
267 2012 492 2065 longinquis
513 2023 736 2052 armentum
759 2024 923 2066 aegrotet
943 2015 981 2053 in
998 2017 1101 2068 agris
1119 2030 1128 2053 :

585 2077 618 2115 Z
1054 2078 1132 2117 Sed
