1235 2365
215 155 678 200 SATYRARUM
726 157 876 198 Liss.l'..
1011 160 1079 198 181

22 260 208 313 Qatuor
226 259 314 296 hinc
335 259 511 309 rapimur
530 258 668 310 viginti
688 268 726 295 et
747 257 871 295 millia
888 257 1031 301 rhedis,

22 322 197 362 Mansuri
212 321 414 372 oppidulo,
444 322 551 370 quod
567 321 677 358 versu
697 321 823 357 dicere
842 334 921 358 non
942 321 992 358 est
1010 336 1021 366 ς

25 386 154 438 Signis
173 383 355 435 perfacile
375 384 438 421 est.
495 384 615 421 Venit
635 383 812 421 viliffima
832 397 966 421 rerum

26 449 106 487 Hic
126 461 254 498 aqua3
282 447 346 485 sed
365 446 474 495 panis
493 446 610 497 longe
629 446 930 494 pulcherrimus,
960 446 1065 484 ultra

25 512 202 551 Callidus
222 519 266 549 ut
283 509 402 548 soleat
420 510 592 547 humeris
612 518 768 558 portare
788 510 916 547 viator
935 526 945 554 ;
1040 522 1094 561 9³

28 574 133 614 Nam
154 574 300 612 Canusi
319 572 514 622 lapidosus
531 587 541 617 ς
571 585 683 620 aquae
702 585 782 610 non
807 573 926 610 ditior
945 587 1070 619 urna;

27 638 110 693 Qi
128 637 238 676 locus
258 651 281 674 a
299 635 392 674 forti
413 636 609 674 Diomede
629 636 681 673 est
700 636 880 674 conditus
902 637 1014 675 olim.

30 701 230 739 Flentibus
249 700 339 752 hinc
360 700 501 737 Varius
523 699 684 736 discedit
702 699 857 738 moestus
878 701 1027 739 amicis.

32 764 130 802 Inde
153 764 287 802 Rubos
306 761 385 800 feffi
405 762 653 812 pervenimus
672 778 682 807 ;
712 772 848 812 utpote
867 763 1034 815 longum

31 828 245 877 Carpentes
267 827 352 870 iter,
385 835 424 863 et
442 824 589 863 fastum
613 826 833 875 corruptius
854 827 982 865 imbri.
1041 840 1090 879 93

36 889 193 928 Postera
212 888 417 938 tempestas
438 888 590 932 melior,
619 888 683 925 via
701 890 823 939 pejor,
853 890 904 926 ad
933 890 1054 939 usque

36 953 128 992 Bari
149 952 292 991 moenia
314 951 459 1001 piscofi.
517 951 670 989 Dehinc
694 952 846 989 Gnatia
862 952 1034 1003 lymphis

36 1018 152 1055 [ratis
173 1016 359 1054 exstruc‘ta
377 1014 485 1052 dedit
503 1013 672 1062 risusque
686 1015 870 1065 jocosque
888 1031 898 1061 ;

36 1080 151 1118 Dum
171 1077 426 1123 flammasine
456 1076 573 1114 thura
590 1076 798 1125 liquescere
819 1078 953 1117 limine
975 1079 1083 1117 sacro

38 1143 269 1181 Persuadere
290 1142 410 1190 cupit.
467 1140 615 1178 Credat
633 1140 793 1187 Judaeus
813 1141 975 1190 Apella,
1028 1151 1101 1180 100

39 1206 131 1245 Non
150 1218 236 1257 ego.
293 1203 475 1252 Namque
496 1203 604 1240 Deos
637 1202 754 1240 didici
786 1203 966 1242 securum
993 1218 1109 1257 agere

202 1279 330 1305 aevum
348 1282 359 1311 ;

41 1332 139 1376 Nec,
168 1331 194 1368 fi
214 1330 309 1379 quid
329 1329 417 1367 miri
436 1328 555 1367 faciat
574 1317 882 1375 Natura,'Deos
900 1330 942 1369 id

42 1395 186 1434 Tristes
207 1409 251 1433 ex
271 1393 350 1432 alto
371 1392 456 1431 coeli
476 1393 681 1431 demittere
705 1396 820 1431 tecto.

44 1458 308 1499 Brundusium
327 1457 453 1509 longae
468 1456 554 1494 finis
575 1456 793 1506 chartaeque
813 1459 963 1507 viaeque
987 1457 1050 1496 est.

347 1672 689 1715 SATYRA
748 1672 824 1713 VI.

173 1798 264 1844 ΟΝ,
304 1798 409 1847 quia,
443 1796 652 1842 Maecenas,
696 1797 904 1846 Lydorum
935 1799 1122 1848 quicquid

336 1861 520 1898 Etruscos

53 1923 226 1963 Incoluit
243 1922 350 1968 fines,
379 1936 495 1960 nemo
515 1923 733 1975 generosior
754 1922 804 1960 est
827 1932 890 1968 te;

52 1987 150 2031 Nec,
171 1985 277 2034 quod
293 1999 387 2022 avus
403 1986 473 2023 tibi
493 1995 691 2024 maternus
711 1985 786 2024 fuit
805 1996 923 2035 atque
942 1996 1125 2036 paternus

54 2050 164 2089 Olim
185 2050 251 2099 qui
271 2049 423 2100 magnis
443 2048 660 2100 legionibus
681 2049 966 2098 imperitarint5

55 2114 114 2154 Ut
128 2112 303 2165 plerique
323 2111 457 2158 solent,
485 2112 576 2150 naso
595 2112 787 2163 suspendis
809 2113 962 2153 adunco
1102 2128 1125 2166 5

538 2174 595 2227 Q
1013 2178 1128 2230 Igno,
1178 2224 1182 2226 ‚
