1235 2365
205 152 747 194 EPISTOLARUM
787 152 882 193 Lus.
914 151 947 192 Ι.
1034 159 1121 201 271>

41 252 187 295 AEtolis
207 263 368 292 onerata
386 253 512 307 plagis
527 255 720 305 jumenta,
750 251 936 300 canesque
955 265 966 296 ς

45 319 184 370 Surge,
214 328 251 356 et
269 319 492 356 inhumana:
511 318 659 356 senium
679 319 828 366 depone
848 316 1082 359 Camoenoe,.

43 381 183 420 Coenes
202 392 246 420 ut
265 383 410 432 pariter
429 380 634 431 pulmenta
650 380 848 419 laboribus
869 387 974 416 emta
991 393 1002 423 ;

46 443 237 483 Romanis
256 445 410 485 solenne
429 446 521 482 viris
541 458 653 494 opuS,
682 443 776 482 utile
794 441 926 486 famae,

45 507 240 557 Vitaeque,
268 519 307 547 et
325 510 510 548 membris
528 523 537 546 ε
568 508 779 558 praesertim
799 518 891 544 cum
910 502 1054 548 valeas,
1078 510 1117 540 et

46 570 121 609 Vel
136 573 249 610 cursu
262 571 441 622 superare
462 585 613 617 canem,
641 570 703 609 vel
722 570 870 608 viribus
889 580 1031 619 aprum
1065 578 1112 618 51

46 635 177 674 Poffis.
233 636 369 681 Adde,
397 636 524 675 virilia
543 636 650 685 quod
669 633 870 685 speciofius
890 645 1003 671 arma

47 698 139 737 Non
158 699 209 738 est
228 700 296 748 qui
316 702 465 737 tractet.
524 699 605 737 Scis
626 711 704 747 quo
725 697 896 735 clamore
915 707 1071 733 coronae

49 762 191 801 Proelia
208 763 388 802 sustineas
409 763 663 812 campestria:
695 762 860 810 denique
881 761 1023 798 saevam

49 825 236 864 Militiam
255 840 365 876 puer,
395 836 434 864 et
453 826 689 864 Cantabrica
707 824 810 863 bella
828 823 945 863 tulisti
1067 833 1120 873 55

52 891 130 929 Sub
151 891 264 935 duce,
292 891 358 941 qui
370 890 534 940 *templis
555 890 793 930 Parthorum
813 889 921 941 signa
935 886 1065 938 refigit

50 953 192 999 Nunc3
222 963 273 999 et,
303 954 330 991 fi
351 955 445 1003 quid
465 954 582 998 abest,
613 953 723 992 Italis
745 953 946 1005 adjudicat
960 951 1111 989 armis..

23 1044 26 1045 γ
48 1016 131 1062 Ac,
159 1030 206 1055 ne
226 1026 263 1055 te
282 1017 472 1063 retrahas,
501 1027 540 1055 et
558 1016 823 1055 inexcusabilis
844 1015 939 1053 abfis
958 1030 969 1060 3

51 1080 248 1134 Qamvis
267 1080 322 1118 nil
343 1091 449 1119 extra
471 1094 682 1120 numerum
694 1078 817 1119 feciffe
836 1080 1082 1127 modumque

8 1173 9 1196 ἒ
50 1142 190 1188 Curas,
218 1144 415 1182 interdum
435 1145 595 1197 nugaris
615 1157 703 1181 rure
723 1152 899 1193 paterno.
916 1180 918 1182 .
1070 1141 1122 1179 60

52 1205 226 1246 Partitur
239 1207 373 1246 lintres
393 1209 585 1246 exercitus
603 1222 612 1245 :
643 1207 760 1244 Ac‘iia
780 1219 950 1259 pugna„

52 1269 113 1313 Te
133 1272 246 1318 duce,
274 1286 343 1322 per
361 1287 501 1323 pueros
520 1273 646 1312 hostili
666 1286 774 1310 more
794 1272 987 1310 refertur:

53 1335 314 1374 Adversarius
334 1338 383 1375 est
403 1336 524 1376 frater
542 1353 552 1382 ;
581 1337 703 1382 lacus,
732 1337 863 1374 Adria
880 1351 891 1382 ς
919 1336 1043 1373 donec

53 1398 309 1441 Alterutrum
329 1401 444 1439 velox
465 1401 624 1439 vidioria
641 1401 780 1439 fronde
800 1408 972 1441 coronet.

55 1460 280 1501 Consentire
299 1464 372 1502 suis
395 1463 525 1502 studiis
545 1466 615 1514 qui
633 1465 840 1504 crediderit
858 1473 910 1508 te,
1074 1461 1125 1513 65

4 1521 6 1535 '
58 1525 206 1565 Fautor
219 1537 387 1578 utroque
407 1537 521 1569 tuum
539 1528 716 1568 laudabit
734 1527 874 1577 pollice
891 1527 1046 1565 ludum.

3 1635 4 1638 Ἴ
58 1591 250 1630 Protenus
262 1603 306 1632 ut
318 1607 516 1640 moneam,
529 1594 577 1638 (fi
593 1593 688 1643 quid
707 1591 912 1632 monitoris
932 1604 1021 1642 eges
1041 1599 1084 1628 tu
1101 1593 1131 1639 ς)

59 1656 170 1710 Qid
190 1659 237 1695 de
257 1671 414 1707 quoque
433 1659 532 1704 viro,
562 1668 599 1697 et
619 1659 822 1702 cuidicaS,
849 1657 945 1705 saepe
965 1655 1111 1693 videto.

61 1721 381 1760 Percontatorem
400 1721 530 1774 fugito
548 1737 557 1759 :
587 1735 681 1760 narn
702 1721 885 1776 garrulus
905 1721 1010 1759 idem
1030 1719 1080 1757 est
1096 1734 1120 1765 ς.

62 1785 144 1824 Nec
163 1787 332 1824 retinent
350 1786 495 1835 patulae
516 1784 716 1827 commissa
734 1784 900 1826 fideliter
921 1797 1032 1822 aures
1049 1797 1057 1820 :
1082 1794 1139 1833 70,

64 1849 120 1889 Et.
136 1849 253 1888 semel
273 1848 448 1888 emissum
468 1850 577 1890 volat
595 1848 848 1889 irrevocabile
861 1849 1047 1891 verbum.

64 1917 156 1955 Non
175 1914 317 1953 ancilla
334 1924 448 1954 tuum
462 1917 575 1966 jecur
592 1913 740 1952 ulceret
750 1912 853 1957 ulla,
882 1924 1041 1961 puerve,

66 1980 178 2018 Intra
192 1991 459 2016 marmoreum
480 1978 689 2016 venerandi
707 1977 827 2014 limen
847 1975 962 2013 amici
979 1989 989 2012 ε

66 2043 127 2082 Ne
148 2043 344 2088 dominus,
372 2044 482 2092 pueri
501 2043 654 2092 pulchri
673 2055 821 2080 caraeve
839 2039 976 2090 puellae

69 2105 287 2148 Munerete
302 2119 423 2157 parvo
438 2109 539 2156 beet,
559 2115 626 2149 aut
642 2105 916 2147 incommodus
932 2109 1067 2156 angat.
1089 2112 1109 2148 7
1114 2111 1136 2153 5

1035 2165 1148 2218 QZ}
1152 2194 1162 2198 ν
