1235 2365
108 150 182 189 192
404 131 833 187 QHoRATu

107 235 203 288 Qo
222 242 266 270 tu
284 244 367 269 rere
380 232 499 268 modo
515 246 524 270 ς
547 232 686 270 domus
700 232 771 270 hac
786 246 856 271 nec
870 232 1004 282 purior
1017 233 1098 274 ulla
1110 235 1183 285 est.)

109 300 190 337 Nec
205 297 330 349 magis
346 295 404 333 his
418 294 542 333 aliena
554 295 678 332 malis.
700 296 767 333 Nil
781 299 834 334 mi
851 297 970 334 officit
987 311 1177 347 unquam,

108 362 243 400 Ditior
261 360 337 405 hic,
357 369 425 397 aut
444 359 494 396 est
514 360 607 407 quia
625 360 796 399 doaior:
826 361 877 399 est
896 360 1005 399 locus
1024 364 1108 401 uni-

109 427 262 475 Cuique
274 425 376 463 suus·
396 423 592 476 Magnum
603 438 751 471 narra5‚
764 426 826 464 vix
841 427 1035 465 credibile.
1049 427 1178 478 Atqui

113 490 173 528 Sic
193 490 323 527 habet.
378 488 576 525 Accendis
596 501 716 537 quare
734 490 890 538 cupiam
909 491 1036 543 magis
1054 491 1110 529 illi

112 553 316 591 Proximus
331 550 412 588 effe.
423 551 529 588 Velis
543 561 697 589 tantum
709 554 845 592 modo:
861 567 947 603 quae
959 565 1028 593 tua
1039 557 1179 603 virtus,

110 614 364 667 Expugnabis
382 627 392 650 ε
422 623 460 650 et
479 613 530 651 est
549 614 616 662 qui
635 616 735 652 vinci
755 615 863 664 poffit
879 631 890 662 ;
920 630 1042 667 eoque
1125 631 1176 669 55

113 676 303 717 Difficiles
319 676 446 713 aditus
463 677 608 724 primos
623 677 754 715 habet.
785 678 910 717 Haud
925 681 1020 718 mihi
1035 681 1150 720 deero
1167 696 1178 721 t

115 740 345 779 Muneribus
365 739 492 776 servos
512 752 788 788 corrumpam3
817 754 909 786 non,
937 742 1053 781 hodie
1070 744 1099 782 fi

115 802 306 841 Exclusus
323 801 449 846 fuero,
478 802 652 840 desistam
669 817 680 847 ;
708 812 888 854 tempora
905 817 1106 854 quaeram3

117 868 336 906 Occurram
355 867 394 904 in
413 867 534 904 triviis
551 882 560 911 3
590 866 795 905 deducam.
852 868 918 906 Nil
937 869 1013 908 fine
1031 883 1178 924 magno

115 933 209 970 Vita
218 932 350 970 labore
364 931 471 968 dedit
484 929 726 968 mortalibus.
750 930 850 969 Haec
864 933 960 970 dum
973 933 1069 985 agit,
1077 947 1179 979 ecce,

118 996 262 1034 Fuscus
276 994 443 1031 Aristius
457 993 639 1037 occurrit,
659 993 754 1031 mihi
770 1007 896 1038 caruS,
915 1003 954 1032 et
969 993 1080 1032 illum
1127 997 1173 1034 61

116 1059 198 1111 Qi
218 1056 378 1107 pulchre
394 1054 523 1093 noss'et.
553 1055 816 1094 Confistimus.
845 1058 962 1096 Unde
980 1059 1114 1097 venis?
1142 1068 1180 1098 et

117 1124 211 1176 Qo
231 1121 383 1158 tendis?
410 1129 538 1172 rogat,
569 1129 606 1156 et
625 1120 840 1168 respondet.
895 1120 1048 1159 Vellere
1067 1123 1180 1173 coepi,

118 1185 171 1223 Et
191 1184 366 1233 prensare
386 1195 505 1220 manu
523 1181 725 1220 lentiffima
742 1182 914 1227 brachia,
943 1193 1099 1229 nutans,

117 1245 373 1293 Distorquens
387 1244 534 1288 oeulos,
549 1253 592 1281 ut
605 1258 666 1282 me
682 1245 856 1293 eriperet.
878 1244 983 1283 Male
997 1246 1112 1285 salsus
1129 1248 1154 1286 6
1157 1259 1178 1299 5

119 1309 262 1346 Ridens
282 1306 513 1345 dissimulare
529 1322 538 1351 3
568 1320 700 1344 meum
715 1308 826 1357 jecur
843 1321 955 1346 urere
972 1308 1071 1347 bilis.

119 1372 233 1410 Certe
254 1371 378 1408 nescio
394 1371 488 1420 quid
507 1370 649 1408 secreto
671 1369 768 1408 velle
786 1370 892 1421 loqui
911 1380 950 1408 te

119 1436 267 1473 Aiebas
287 1447 456 1472 mecum.
514 1434 678 1472 Memini
697 1435 792 1471 bene
810 1449 820 1478 ;
849 1434 912 1471 sed
933 1434 1083 1472 meliori

117 1499 315 1547 Tempore
337 1497 490 1534 dicam:
512 1497 626 1534 hodie
642 1497 833 1534 tricefima
846 1497 1016 1535 sabbata.
1042 1498 1180 1537 Vin'tu
1234 1489 1235 1522 3

117 1561 248 1599 Curtis
268 1561 409 1609 Judaeis
429 1561 618 1609 oppedere
635 1561 646 1598 ?
674 1560 794 1598 Nulla
812 1561 922 1606 mihi,
942 1561 1114 1612 inquam,
1130 1574 1179 1613 70

119 1624 273 1676 Religio
293 1623 356 1661 est.
412 1623 473 1660 At
492 1626 544 1660 mi
563 1638 571 1660 :
602 1623 686 1660 sum
705 1623 822 1672 paulo
843 1623 1046 1669 infirmior,
1074 1637 1178 1662 unus

118 1686 353 1725 Multorum.
373 1686 570 1738 Ignosces:
587 1686 680 1723 alias
695 1686 846 1735 loquar.
865 1687 1046 1725 Huccine
1058 1687 1178 1726 solem

117 1750 223 1788 Tam
242 1750 399 1801 nigrum
412 1749 563 1787 surrexe
579 1750 693 1787 mihi?
709 1750 827 1802 Fugit
840 1750 1106 1800 improbus,ac
1115 1763 1179 1789 me

123 1815 201 1852 Sub
222 1812 347 1850 cultro
367 1812 520 1860 linquit.
577 1812 677 1849 Casu
692 1813 796 1849 venit
816 1813 952 1850 obvius
974 1812 1028 1850 illi

113 1876 399 1914 Adversarius:
431 1884 481 1920 et,
501 1875 594 1928 Qo
611 1885 667 1920 tu,
689 1874 898 1924 turpiffime
916 1876 928 1913 ?
955 1888 1102 1927 magna
1124 1887 1172 1926 75·

119 1939 330 1977 Exclamat
350 1951 444 1975 voce
462 1952 471 1975 ε
502 1947 552 1982 et,
581 1937 693 1974 Licet
713 1938 917 1975 antestari?
947 1938 1036 1990 Ego
1057 1951 1149 1976 vero

119 2001 287 2050 Oppono
301 1999 538 2038 auriculam.
568 2000 686 2049 Rapit
709 2001 748 2038 in
768 2002 832 2052 jus
850 2015 859 2038 ι
886 1999 1035 2038 clamor
1057 2000 1178 2038 utrin-
1224 2012 1229 2047 ·,

278 2077 366 2113 que,

118 2125 304 2177 Undique
326 2125 543 2165 concursuS.
603 2124 664 2163 Sic
685 2136 748 2162 me
766 2124 931 2163 servavit
951 2119 1113 2175 A*p0110.

1042 2186 1169 2226 SAT-
